Time,Exchange,Symbol,LastPrice,BaseVolume,QuoteVolume,BidQty,BidPrice,AskPrice,AskQty
2021-02-19T17:04:42,BITTREX,BTC-LTC,0.00427695,80.49441047,18332.59668314,0,0.00427488,0.00427913,0
2021-02-19T17:04:42,BITTREX,BTC-GRS,0.00001289,2.95399626,223231.95648173,0,0.00001289,0.00001314,0
2021-02-19T17:04:42,BITTREX,BTC-MONA,0.00004647,1.44490474,30365.36991083,0,0.00004627,0.00004685,0
2021-02-19T17:04:42,BITTREX,BTC-VIA,0.00001444,0.34036613,22623.26968448,0,0.00001445,0.00001465,0
2021-02-19T17:04:42,BITTREX,BTC-SYS,0.00000325,1.93800005,567441.80737426,0,0.00000323,0.00000325,0
2021-02-19T17:04:42,BITTREX,BTC-XRP,0.00001026,74.37911252,7127995.18727477,0,0.00001022,0.00001025,0
2021-02-19T17:04:42,BITTREX,BTC-GEO,0.00000877,0.22563735,24432.36705313,0,0.00000851,0.00000876,0
2021-02-19T17:04:42,BITTREX,BTC-XEM,0.00000887,37.45172894,4277359.08277699,0,0.00000887,0.00000888,0
2021-02-19T17:04:42,BITTREX,BTC-ETH,0.03587287,493.65541576,13399.3039475,0,0.03587289,0.03588707,0
2021-02-19T17:04:42,BITTREX,USDT-BTC,54196.9247,21696710.4720906,414.26960239,0,54195.83339807,54196.92470001,0
2021-02-19T17:04:42,BITTREX,BTC-SLS,0.00031632,0.15209785,463.95598014,0,0.00031788,0.00033012,0
2021-02-19T17:04:42,BITTREX,BTC-VAL,0.00003822,1.54799059,40198.8803581,0,0.00003807,0.00003841,0
2021-02-19T17:04:42,BITTREX,BTC-PIVX,0.00001804,1.82087314,109012.87221746,0,0.00001737,0.00001785,0
2021-02-19T17:04:42,BITTREX,BTC-STEEM,0.00000912,7.00822897,753818.88750466,0,0.00000905,0.00000913,0
2021-02-19T17:04:42,BITTREX,BTC-LSK,0.00007176,10.0580057,139977.46956975,0,0.00007099,0.00007172,0
2021-02-19T17:04:42,BITTREX,BTC-WAVES,0.00022723,3.9376785,16296.85482372,0,0.00022831,0.00023018,0
2021-02-19T17:04:42,BITTREX,BTC-ETC,0.00028149,7.31925301,25320.89262173,0,0.0002806,0.00028149,0
2021-02-19T17:04:42,BITTREX,ETH-ETC,0.00785189,41.11324205,5261.46017302,0,0.00777229,0.00784905,0
2021-02-19T17:04:42,BITTREX,BTC-REPV2,0.00061716,0.63184236,972.2521936,0,0.00062334,0.00063658,0
2021-02-19T17:04:42,BITTREX,BTC-FIRO,0.00011835,1.26382221,9985.80580978,0,0.00011763,0.0001181,0
2021-02-19T17:04:42,BITTREX,BTC-NEO,0.00085752,22.78344001,25909.38554258,0,0.0008581,0.0008599,0
2021-02-19T17:04:42,BITTREX,BTC-KMD,0.00002668,2.07265938,77749.15652221,0,0.00002635,0.0000267,0
2021-02-19T17:04:42,BITTREX,BTC-ARK,0.0000205,8.20959177,389874.14079782,0,0.00002048,0.00002055,0
2021-02-19T17:04:42,BITTREX,BTC-GBYTE,0.00070062,0.53546987,730.12109596,0,0.0007007,0.00071667,0
2021-02-19T17:04:42,BITTREX,USDT-ETH,1944.01077437,10791441.1869659,5591.40368354,0,1943.75294954,1946.65569274,0
2021-02-19T17:04:42,BITTREX,BTC-RLC,0.00003937,1.30065639,31783.43076965,0,0.00003936,0.00004049,0
2021-02-19T17:04:42,BITTREX,BTC-GNO,0.00292274,0.60140541,201.3338189,0,0.00292281,0.00301848,0
2021-02-19T17:04:42,BITTREX,ETH-GNO,0.07515953,0.12967369,1.62299379,0,0.07560249,0.08465214,0
2021-02-19T17:04:42,BITTREX,BTC-ANT,0.00011041,0.75342912,6327.23924899,0,0.0001103,0.00011202,0
2021-02-19T17:04:42,BITTREX,ETH-BAT,0.00031425,109.77307111,338970.36799553,0,0.00031934,0.00031993,0
2021-02-19T17:04:42,BITTREX,BTC-ZEN,0.00138724,5.96810288,3968.89089255,0,0.00139042,0.00140418,0
2021-02-19T17:04:42,BITTREX,BTC-BNT,0.00010083,7.0394138,63433.95637317,0,0.00010185,0.00010369,0
2021-02-19T17:04:42,BITTREX,ETH-BNT,0.002839,69.42544577,23492.03010699,0,0.00279239,0.00289541,0
2021-02-19T17:04:42,BITTREX,BTC-NMR,0.00076532,2.05731709,2565.9799899,0,0.00076532,0.00077177,0
2021-02-19T17:04:42,BITTREX,ETH-LTC,0.11908198,304.96285209,2567.80403531,0,0.11894509,0.11956842,0
2021-02-19T17:04:42,BITTREX,ETH-XRP,0.00028658,119.90163106,426169.37641358,0,0.00028472,0.00028573,0
2021-02-19T17:04:42,BITTREX,ETH-SNT,0.00005733,3.34707249,61171.42598261,0,0.00005594,0.00005679,0
2021-02-19T17:04:42,BITTREX,ETH-ADX,0.0003555,0.70357606,1933.02873005,0,0.00035811,0.00039988,0
2021-02-19T17:04:42,BITTREX,ETH-SC,0.0000066,37.12697533,5515650.33423612,0,0.0000066,0.00000666,0
2021-02-19T17:04:42,BITTREX,USDT-LTC,231.81192755,1412309.25758162,6161.49846781,0,231.7386832,232.04542852,0
2021-02-19T17:04:42,BITTREX,USDT-ETC,15.16970926,240437.7717168,15796.14633266,0,15.16939728,15.27542124,0
2021-02-19T17:04:42,BITTREX,USDT-XRP,0.55661163,2018998.3982209,3698581.01779169,0,0.55418469,0.55539746,0
2021-02-19T17:04:42,BITTREX,BTC-OMG,0.00012,2.60258815,20926.2066795,0,0.00011945,0.00011999,0
2021-02-19T17:04:42,BITTREX,ETH-CVC,0.0002433,4.10671685,17260.46753948,0,0.00024211,0.00024617,0
2021-02-19T17:04:42,BITTREX,BTC-QTUM,0.00013289,3.03190211,22227.03351578,0,0.00013215,0.00013314,0
2021-02-19T17:04:42,BITTREX,ETH-QTUM,0.00374524,9.79440024,2648.99936679,0,0.00366675,0.00373738,0
2021-02-19T17:04:42,BITTREX,ETH-XEM,0.00024431,118.30205606,495531.98222143,0,0.00024702,0.00024781,0
2021-02-19T17:04:42,BITTREX,ETH-XLM,0.00025995,193.26038802,741996.3033493,0,0.00026041,0.00026088,0
2021-02-19T17:04:42,BITTREX,ETH-NEO,0.02390207,185.34586255,7727.27167867,0,0.02388302,0.02396886,0
2021-02-19T17:04:42,BITTREX,ETH-BCH,0.36318,214.49202901,563.88966441,0,0.36419817,0.36544674,0
2021-02-19T17:04:42,BITTREX,USDT-BCH,708.81454697,918234.71349466,1291.23408139,0,708.99262428,710.22220431,0
2021-02-19T17:04:42,BITTREX,BTC-BCH,0.01309873,17.55206177,1299.50271216,0,0.01308004,0.01310056,0
2021-02-19T17:04:42,BITTREX,USDT-NEO,46.5860467,1082892.53949509,23554.89863389,0,46.5023903,46.61850887,0
2021-02-19T17:04:42,BITTREX,ETH-WAVES,0.00634754,18.60018696,2861.11731585,0,0.00635244,0.00644142,0
2021-02-19T17:04:42,BITTREX,ETH-STRAX,0.00080825,13.19241777,15478.17573742,0,0.00080953,0.00081633,0
2021-02-19T17:04:42,BITTREX,ETH-DGB,0.00003734,160.97675381,4137995.43855185,0,0.00003703,0.00003743,0
2021-02-19T17:04:42,BITTREX,BTC-MANA,0.00000587,3.65709095,619734.89391946,0,0.00000584,0.0000059,0
2021-02-19T17:04:42,BITTREX,ETH-MANA,0.00016162,7.54922608,47770.76777368,0,0.00016237,0.00016459,0
2021-02-19T17:04:42,BITTREX,BTC-RCN,0.00000176,0.44548657,245075.81082249,0,0.00000174,0.00000177,0
2021-02-19T17:04:42,BITTREX,ETH-VIB,0.00003617,5.07842397,143479.79879159,0,0.00003581,0.00003667,0
2021-02-19T17:04:42,BITTREX,ETH-ADA,0.00047583,1116.51267567,2353786.07810495,0,0.00047509,0.00047568,0
2021-02-19T17:04:42,BITTREX,USDT-ADA,0.92501376,3230327.15071195,3529213.43003459,0,0.92384505,0.92501375,0
2021-02-19T17:04:42,BITTREX,ETH-ZRX,0.00078265,29.0995218,35945.22922893,0,0.00078413,0.00078731,0
2021-02-19T17:04:42,BITTREX,BTC-LRC,0.0000136,0.62601864,43568.13324475,0,0.00001359,0.00001383,0
2021-02-19T17:04:42,BITTREX,USDT-TRX,0.06046213,2047789.28216494,34408769.6501252,0,0.06046213,0.06049417,0
2021-02-19T17:04:42,BITTREX,ETH-STMX,0.00000543,7.63052676,1365532.88582832,0,0.00000552,0.0000056,0
2021-02-19T17:04:42,BITTREX,USD-BTC,54200,30955315.6838641,590.86942977,0,54181.265,54200,0
2021-02-19T17:04:42,BITTREX,USD-ETH,1943.105,14225643.0023252,7378.65849261,0,1944.268,1945.831,0
2021-02-19T17:04:42,BITTREX,USDT-DGB,0.07282589,492628.78612032,6564200.58249887,0,0.07189204,0.07282587,0
2021-02-19T17:04:42,BITTREX,BTC-RVN,0.00000238,121.34294335,56073835.9252172,0,0.00000238,0.0000024,0
2021-02-19T17:04:42,BITTREX,USD-XRP,0.55481,1354839.2723918,2478525.04084191,0,0.55428,0.55564,0
2021-02-19T17:04:42,BITTREX,USD-ETC,15.29013,168664.16391718,11143.46806207,0,15.12754,15.31583,0
2021-02-19T17:04:42,BITTREX,USD-ADA,0.92553,5126137.14991941,5601185.51202781,0,0.92434,0.92539,0
2021-02-19T17:04:42,BITTREX,USDT-DOGE,0.05464223,3481137.94398869,60408744.0704784,0,0.05484633,0.05487012,0
2021-02-19T17:04:42,BITTREX,USD-LTC,231.652,2535056.6071186,11099.53240077,0,231.53,232.112,0
2021-02-19T17:04:42,BITTREX,USD-BCH,707.936,1190723.60147399,1685.87123031,0,708.782,710.116,0
2021-02-19T17:04:42,BITTREX,USDT-ZRX,1.52496,98234.5307828,62835.18116493,0,1.52600627,1.53002946,0
2021-02-19T17:04:42,BITTREX,USDT-BAT,0.6212333,234371.42422553,375445.45255981,0,0.62077414,0.62220244,0
2021-02-19T17:04:42,BITTREX,USDT-RVN,0.1293224,1357702.36057876,12054596.1366208,0,0.1293224,0.13001059,0
2021-02-19T17:04:42,BITTREX,USD-SC,0.01313,436528.42314672,33765576.8929073,0,0.01284,0.01297,0
2021-02-19T17:04:42,BITTREX,BTC-BSV,0.00442453,41.53944746,9038.10742112,0,0.00442046,0.0044538,0
2021-02-19T17:04:42,BITTREX,USDT-BSV,240.26952388,599523.09898325,2468.25736236,0,239.26728134,240.4006,0
2021-02-19T17:04:42,BITTREX,BTC-USDS,0.00001821,0.27993714,15007.22843249,0,0.00001793,0.00002039,0
2021-02-19T17:04:42,BITTREX,USDT-PMA,0.0006355,46898.81715408,85635261.2062148,0,0.00055616,0.0006355,0
2021-02-19T17:04:42,BITTREX,USDT-NPXS,0.00128034,49825.80950169,38503540.9408983,0,0.00127403,0.00131879,0
2021-02-19T17:04:42,BITTREX,USD-ZRX,1.52736,318291.11332869,204007.67727438,0,1.52567,1.53099,0
2021-02-19T17:04:42,BITTREX,USD-BAT,0.62177,195589.40835082,313302.71977303,0,0.62107,0.62235,0
2021-02-19T17:04:42,BITTREX,USD-BSV,241.93,864155.20034711,3570.04999148,0,239.026,241.886,0
2021-02-19T17:04:42,BITTREX,USD-DGB,0.07183,820781.02906368,10945612.0577127,0,0.07191,0.07247,0
2021-02-19T17:04:42,BITTREX,USD-ZEN,75.00004,76377.69821233,964.36132491,0,75.00715,76.36097,0
2021-02-19T17:04:42,BITTREX,USDT-BTT,0.00128416,82910.05667137,62293786.0532278,0,0.001284,0.00131547,0
2021-02-19T17:04:42,BITTREX,USDT-XLM,0.50722458,933611.05152577,1858810.80502198,0,0.50637057,0.50712473,0
2021-02-19T17:04:42,BITTREX,BTC-ONT,0.00002251,1.35503428,56686.25491179,0,0.00002236,0.00002259,0
2021-02-19T17:04:42,BITTREX,ETH-ANKR,0.00001367,0.55353225,39933.47739028,0,0.0000135,0.00001661,0
2021-02-19T17:04:42,BITTREX,BTC-ATOM,0.00041183,9.83505388,22467.45957509,0,0.00041266,0.00041365,0
2021-02-19T17:04:42,BITTREX,USDT-ATOM,22.3249147,887177.94869679,38866.22100857,0,22.35943605,22.45059668,0
2021-02-19T17:04:42,BITTREX,ETH-ATOM,0.0115,123.01803841,10442.03360423,0,0.01146355,0.01152605,0
2021-02-19T17:04:42,BITTREX,BTC-OCEAN,0.00002071,3.41957564,157253.28833504,0,0.00002048,0.00002071,0
2021-02-19T17:04:42,BITTREX,BTC-STPT,0.00000083,0.78393325,850961.37621638,0,0.00000084,0.00000087,0
2021-02-19T17:04:42,BITTREX,BTC-MKR,0.0470803,0.74622497,15.17301632,0,0.04657389,0.04708032,0
2021-02-19T17:04:42,BITTREX,ETH-MKR,1.31589012,11.8159309,8.88006498,0,1.29952109,1.31314271,0
2021-02-19T17:04:42,BITTREX,BTC-DAI,0.00001852,0.70824486,37427.17117011,0,0.00001825,0.00001851,0
2021-02-19T17:04:42,BITTREX,ETH-DAI,0.00051707,1.61704233,3101.67709058,0,0.0005097,0.00051632,0
2021-02-19T17:04:42,BITTREX,USDT-DAI,1.0035,118444.45749033,117186.98192477,0,0.99804557,1.00685775,0
2021-02-19T17:04:42,BITTREX,ETH-EOS,0.00262391,89.42097935,33961.7690809,0,0.0026184,0.00262367,0
2021-02-19T17:04:42,BITTREX,USDT-EOS,5.10000001,723174.90567798,142376.52316075,0,5.09263749,5.10107415,0
2021-02-19T17:04:42,BITTREX,BTC-HEDG,0.00002581,0.50433232,18591.84766772,0,0.00002475,0.00002577,0
2021-02-19T17:04:42,BITTREX,USD-HBAR,0.14352356,734583.02967349,5093917.86136631,0,0.14211656,0.14313919,0
2021-02-19T17:04:42,BITTREX,USDT-VET,0.0538298,87032.25945589,1607166.02032656,0,0.0527298,0.05377902,0
2021-02-19T17:04:42,BITTREX,USD-DCR,134.83828776,50900.47426271,381.60338425,0,132.87303346,135.99999446,0
2021-02-19T17:04:42,BITTREX,BTC-LINK,0.00063317,29.09238994,45972.94642629,0,0.00063705,0.00063785,0
2021-02-19T17:04:42,BITTREX,USD-EOS,5.10045002,669203.76572827,132723.28041423,0,5.09522071,5.10326785,0
2021-02-19T17:04:42,BITTREX,BTC-XTZ,0.0000899,7.72119677,82723.81749618,0,0.00009053,0.00009078,0
2021-02-19T17:04:42,BITTREX,ETH-XTZ,0.00250929,30.19988928,11934.47604079,0,0.0025157,0.00252956,0
2021-02-19T17:04:42,BITTREX,BTC-CTC,0.00006319,3.05276928,47027.35105708,0,0.00005978,0.00006248,0
2021-02-19T17:04:42,BITTREX,USD-ATOM,22.37214002,559305.1615135,24430.94774799,0,22.36911613,22.47099945,0
2021-02-19T17:04:42,BITTREX,ETH-LINK,0.01763089,139.41723275,8128.80399728,0,0.01766184,0.01779572,0
2021-02-19T17:04:42,BITTREX,USDT-LINK,34.36593184,1581972.3701008,47177.7569696,0,34.52286782,34.58864741,0
2021-02-19T17:04:42,BITTREX,BTC-WICC,0.00000639,0.03815414,5827.3094299,0,0.00000643,0.00000713,0
2021-02-19T17:04:42,BITTREX,USD-RVN,0.12930995,2641443.37137639,23607783.0184573,0,0.1287329,0.13012626,0
2021-02-19T17:04:42,BITTREX,USDT-CKB,0.0095401,14092.9175287,1423657.07292069,0,0.0095401,0.01100048,0
2021-02-19T17:04:42,BITTREX,USDT-MOF,0.22,20994.34225979,99299.19484756,0,0.21317065,0.21791999,0
2021-02-19T17:04:42,BITTREX,BTC-CVT,0.00000227,0.27295493,117252.0738958,0,0.00000221,0.00000235,0
2021-02-19T17:04:42,BITTREX,USDT-CRO,0.13355103,5125702.14509057,41329704.8432168,0,0.13355207,0.13435331,0
2021-02-19T17:04:42,BITTREX,BTC-SXP,0.000064,9.65999181,152456.82162802,0,0.000063,0.0000646,0
2021-02-19T17:04:42,BITTREX,USDT-BOA,0.17789624,12139.9594131,66295.02986442,0,0.17000102,0.199,0
2021-02-19T17:04:42,BITTREX,EUR-BTC,44615.164,1306164.02764735,29.86828535,0,44617.1,44716.02,0
2021-02-19T17:04:42,BITTREX,EUR-ETH,1602.749,479607.35176388,300.3861512,0,1600.56,1604.48,0
2021-02-19T17:04:42,BITTREX,EUR-TRX,0.04967,12894.22758564,259984.27614871,0,0.04935,0.05033,0
2021-02-19T17:04:42,BITTREX,ETH-OGN,0.00021014,5.18155739,21695.14230339,0,0.00019117,0.00029584,0
2021-02-19T17:04:42,BITTREX,BTC-OXT,0.00001116,1.38811792,117488.26179821,0,0.00001117,0.00001127,0
2021-02-19T17:04:42,BITTREX,USDT-OXT,0.60692,28277.55746897,46014.93856217,0,0.60645,0.61124,0
2021-02-19T17:04:42,BITTREX,BTC-ICX,0.00004121,7.70706017,180014.813724,0,0.00004116,0.00004198,0
2021-02-19T17:04:42,BITTREX,USDT-BRZ,0.18,3.93246681,21.84703787,0,0.18,0.18682,0
2021-02-19T17:04:42,BITTREX,BTC-XUC,0.00001899,6.68294565,337927.02130152,0,0.00001911,0.00001931,0
2021-02-19T17:04:42,BITTREX,USDT-XUC,1.03517,322907.85129641,315586.01698861,0,1.0180346,1.04709061,0
2021-02-19T17:04:42,BITTREX,USDT-UCT,0.00516,33.5598521,6808.10503876,0,0.00461,0.00519,0
2021-02-19T17:04:42,BITTREX,USD-HIVE,0.30528,30062.10314989,97155.96787427,0,0.3043,0.31127,0
2021-02-19T17:04:42,BITTREX,USDT-HIVE,0.30653,81393.81885738,257337.06030737,0,0.30648,0.30807,0
2021-02-19T17:04:42,BITTREX,USD-ENJ,0.57993,98738.02764355,171002.91801262,0,0.57301,0.57766,0
2021-02-19T17:04:42,BITTREX,BTC-CNTM,0.00002709,0.04768365,1674.99776898,0,0.00002431,0.00002608,0
2021-02-19T17:04:42,BITTREX,USDT-LBC,0.18903,471917.88335776,2523712.38210049,0,0.18725,0.19,0
2021-02-19T17:04:42,BITTREX,USD-ALGO,1.35146,715950.4172376,516610.1502909,0,1.3477,1.35071,0
2021-02-19T17:04:42,BITTREX,USDT-ALGO,1.33592,136120.56759302,98407.67868934,0,1.33403,1.36301,0
2021-02-19T17:04:42,BITTREX,BTC-UBT,0.00002767,50.48041701,1730507.05695166,0,0.00002767,0.00002788,0
2021-02-19T17:04:42,BITTREX,ETH-UBT,0.00077321,657.46687109,753310.14460703,0,0.000761,0.00077321,0
2021-02-19T17:04:42,BITTREX,ETH-CELO,0.00286703,105.1775781,37804.73617583,0,0.00284276,0.00289707,0
2021-02-19T17:04:42,BITTREX,ETH-TRAC,0.00024476,94.71260914,324362.73237389,0,0.00024297,0.00024476,0
2021-02-19T17:04:42,BITTREX,USDT-KDA,0.44041,39088.99244012,91613.68596498,0,0.43993,0.4429,0
2021-02-19T17:04:42,BITTREX,USDT-BTE,3.795,1031.01018434,253.41699428,0,3.823,4.081,0
2021-02-19T17:04:42,BITTREX,USDT-GXC,0.63012,1393.41811556,1913.2074097,0,0.63393,0.88999,0
2021-02-19T17:04:42,BITTREX,BTC-COMP,0.00867321,3.39351391,385.81113069,0,0.00857488,0.00862385,0
2021-02-19T17:04:42,BITTREX,ETH-COMP,0.23985818,166.85396067,695.10837499,0,0.23942827,0.24213329,0
2021-02-19T17:04:42,BITTREX,USD-COMP,468.328,69233.19621529,150.41977463,0,465.483,467.776,0
2021-02-19T17:04:42,BITTREX,USDT-COMP,467.134,342730.92906477,740.12330767,0,466,467.777,0
2021-02-19T17:04:42,BITTREX,ETH-WBTC,27.21842243,1.63661642,0.06086199,0,27.72411629,27.96540043,0
2021-02-19T17:04:42,BITTREX,ETH-DOGE,0.00002812,553.76781846,18505296.9632786,0,0.0000281,0.00002821,0
2021-02-19T17:04:42,BITTREX,BTC-UQC,0.00013849,1.32018722,9463.33018096,0,0.00013497,0.00013783,0
2021-02-19T17:04:42,BITTREX,USDT-UQC,7.599,56706.38103638,7824.96814167,0,7.033,7.589,0
2021-02-19T17:04:42,BITTREX,USD-XLM,0.5064745,1461693.25358043,2915144.93081592,0,0.50640566,0.50733987,0
2021-02-19T17:04:42,BITTREX,EUR-CRO,0.11154,1399934.52233678,13582833.3954126,0,0.10944,0.11199,0
2021-02-19T17:04:42,BITTREX,USD-CRO,0.13339,2050031.68472761,16435139.2960464,0,0.13465,0.13466,0
2021-02-19T17:04:42,BITTREX,BTC-CGT,0.00105258,0.00412283,3.86727186,0,0.00105255,0.00105957,0
2021-02-19T17:04:42,BITTREX,ETH-KSM,0.12000011,10.6952531,89.12709864,0,0.12005997,0.15866534,0
2021-02-19T17:04:42,BITTREX,BTC-OXEN,0.00002,0.60093447,28956.30639353,0,0.00002021,0.0000205,0
2021-02-19T17:04:42,BITTREX,USDT-GST,1.5016,1180.05559931,666.3143132,0,1.50381,1.63347,0
2021-02-19T17:04:42,BITTREX,USDT-BWF,0.01405,80601.82088934,5721109.07307685,0,0.01405,0.01415,0
2021-02-19T17:04:42,BITTREX,BTC-UNI,0.00037356,2.81489961,7054.25030495,0,0.0003701,0.00037346,0
2021-02-19T17:04:42,BITTREX,USD-UNI,20.254,60119.9233313,2926.45233566,0,20.077,20.251,0
2021-02-19T17:04:42,BITTREX,USDT-UNI,20.159,87757.79052614,4269.6951942,0,20.09,20.37,0
2021-02-19T17:04:42,BITTREX,BTC-UPXAU,0.0337445,0.00273025,0.08100846,0,0.0325085,0.03333149,0
2021-02-19T17:04:42,BITTREX,USDT-ETHBULL,9331.706,165309.60538582,17.8317557,0,9320.003,9470.492,0
2021-02-19T17:04:42,BITTREX,USDT-BULL,99818.225,6339.11716334,0.06909438,0,100323.236,101633.355,0
2021-02-19T17:04:42,BITTREX,USD-BULL,98560.678,93644.60006985,1.00570759,0,99448.261,101320.88,0
2021-02-19T17:04:42,BITTREX,USD-BEAR,0.00145,16886.74170955,10434546.8204745,0,0.00148,0.00151,0
2021-02-19T17:04:42,BITTREX,BTC-FIL,0.00074183,1.46723189,1820.988675,0,0.00074208,0.0007865,0
2021-02-19T17:04:42,BITTREX,USD-FIL,40.503,8743.96496263,204.62355923,0,40.503,43.333,0
2021-02-19T17:04:42,BITTREX,USDT-LCS,0.06387,55884.33046194,882164.11431472,0,0.06266,0.06387,0
2021-02-19T17:04:42,BITTREX,BTC-SHR,0.00000068,0.60216558,966729.46084546,0,0.00000068,0.00000071,0
2021-02-19T17:04:42,BITTREX,ETH-UMA,0.01360011,0.48954499,34.65390002,0,0.01310683,0.01351356,0
2021-02-19T17:04:42,BITTREX,USDT-UMA,28.065,3231.88536757,110.03329398,0,25.55,29.876,0
2021-02-19T17:04:42,BITTREX,BTC-AAVE,0.0076832,2.68513005,322.44982177,0,0.00770041,0.00791548,0
2021-02-19T17:04:42,BITTREX,ETH-BAL,0.02212376,1.8040958,78.67619313,0,0.02203098,0.02230775,0
2021-02-19T17:04:42,BITTREX,EUR-BAL,37.466,9.5030823,0.2536455,0,35.22,35.831,0
2021-02-19T17:04:42,BITTREX,USD-BAL,43.055,2262.114195,51.63458434,0,42.561,43.327,0
2021-02-19T17:04:42,BITTREX,BTC-REN,0.00002565,3.55938093,151137.77759471,0,0.00002591,0.00002672,0
2021-02-19T17:04:42,BITTREX,ETH-REN,0.00074095,23.95978438,37078.67673706,0,0.00073096,0.00075129,0
2021-02-19T17:04:42,BITTREX,BTC-RENBTC,0.99583819,0.00265329,0.00266449,0,0.97269337,1.00176926,0
2021-02-19T17:04:42,BITTREX,ETH-RENBTC,26.72761064,0.02670489,0.00099915,0,27.74239899,27.94135138,0
2021-02-19T17:04:42,BITTREX,EUR-RENBTC,42699.97,71.41313782,0.00167244,0,44333.741,44971.153,0
2021-02-19T17:04:42,BITTREX,USD-RENBTC,50000,0,0,0,50000.009,54289.27,0
2021-02-19T17:04:42,BITTREX,BTC-KNC,0.00004011,1.9007526,43966.26358752,0,0.00004015,0.00004087,0
2021-02-19T17:04:42,BITTREX,USD-KNC,2.21699,4826.22508462,2178.38278399,0,2.14838,2.4535,0
2021-02-19T17:04:42,BITTREX,EUR-BAND,14.8,171.35751438,11.529458,0,13.368,16.895,0
2021-02-19T17:04:42,BITTREX,USD-BAND,20.497,9138.72506909,503.45954919,0,17.374,20.492,0
2021-02-19T17:04:42,BITTREX,ETH-YFL,0.15304109,0,0,0,0.15005014,0.25999994,0
2021-02-19T17:04:42,BITTREX,EUR-XLM,0.42546,9475.4523091,22673.33199606,0,0.41459,0.42299,0
2021-02-19T17:04:42,BITTREX,USDT-SG,3.747,8852.44357743,2359.79504032,0,3.537,4.16,0
2021-02-19T17:04:42,BITTREX,USDT-AAPL,130.045,2093.66064749,16.13259093,0,130.01715891,130.48604055,0
2021-02-19T17:04:42,BITTREX,BTC-AMZN,0.0613028,0.2647686,4.29001992,0,0.06100427,0.06146417,0
2021-02-19T17:04:42,BITTREX,USD-AMZN,3336.36,47.51742698,0.01424497,0,3308.401,3321.809,0
2021-02-19T17:04:42,BITTREX,BTC-BABA,0.00490631,0.08882965,18.10051026,0,0.00488193,0.00490771,0
2021-02-19T17:04:42,BITTREX,BTC-BILI,0.00278315,0.00728738,2.61839625,0,0.00277375,0.00279473,0
2021-02-19T17:04:42,BITTREX,USD-BILI,148.273,0,0,0,150.23,151.118,0
2021-02-19T17:04:42,BITTREX,USDT-BNTX,113.59678529,145.81184499,1.29814168,0,114.89770067,115.95939062,0
2021-02-19T17:04:42,BITTREX,BTC-FB,0.00493792,0.00119999,0.2430173,0,0.00483765,0.00486623,0
2021-02-19T17:04:42,BITTREX,BTC-GOOGL,0.03897608,0.00188321,0.04810658,0,0.03881213,0.03912016,0
2021-02-19T17:04:42,BITTREX,BTC-NFLX,0.01039038,0.00216214,0.208091,0,0.00998759,0.01003695,0
2021-02-19T17:04:42,BITTREX,BTC-PFE,0.00067828,0.00204489,3.01481721,0,0.00063537,0.0006404,0
2021-02-19T17:04:42,BITTREX,BTC-SPY,0.0075001,0,0,0,0.00721021,0.00726658,0
2021-02-19T17:04:42,BITTREX,BTC-TSLA,0.01453649,0.10067134,6.75144225,0,0.01450367,0.01460422,0
2021-02-19T17:04:42,BITTREX,USDT-GRT,2.17,39085.90885925,17512.5661952,0,2.17,2.2152,0
2021-02-19T17:04:42,BITTREX,USDT-SAND,0.29945,42188.35185102,138230.24768645,0,0.29915,0.30371,0
2021-02-19T17:04:42,BITTREX,USD-LBC,0.18555,59376.55124492,316854.18624401,0,0.18555,0.18993,0
2021-02-19T17:04:42,BITTREX,USDT-OGT,0.478,4443.975981,9273.01,0,0.4756,0.4804,0
2021-02-19T17:04:47,BITTREX,BTC-LTC,0.00427695,80.49441047,18332.59668314,0,0.004276,0.00427913,0
2021-02-19T17:04:47,BITTREX,BTC-VTC,0.0000146,4.13164701,277704.0009379,0,0.0000146,0.00001477,0
2021-02-19T17:04:47,BITTREX,BTC-MONA,0.00004647,1.44490474,30365.36991083,0,0.0000463,0.00004685,0
2021-02-19T17:04:47,BITTREX,BTC-NAV,0.00000929,3.01489772,327696.8149144,0,0.00000929,0.00000948,0
2021-02-19T17:04:47,BITTREX,BTC-VIA,0.00001444,0.34036613,22623.26968448,0,0.00001445,0.00001464,0
2021-02-19T17:04:47,BITTREX,BTC-SYS,0.00000325,1.93800005,567441.80737426,0,0.00000321,0.00000325,0
2021-02-19T17:04:47,BITTREX,BTC-ETH,0.0358803,493.66019225,13399.43705339,0,0.03588466,0.0358979,0
2021-02-19T17:04:47,BITTREX,USDT-BTC,54196.9247,21696710.4720906,414.26960239,0,54195.83339809,54211.33354575,0
2021-02-19T17:04:47,BITTREX,BTC-DCR,0.00247355,7.03267138,2739.80818607,0,0.00245746,0.00248719,0
2021-02-19T17:04:47,BITTREX,BTC-PIVX,0.00001804,1.82087314,109012.87221746,0,0.00001737,0.00001784,0
2021-02-19T17:04:47,BITTREX,BTC-LSK,0.00007176,10.0580057,139977.46956975,0,0.00007099,0.00007167,0
2021-02-19T17:04:47,BITTREX,BTC-WAVES,0.00022723,3.9376785,16296.85482372,0,0.00022834,0.00023016,0
2021-02-19T17:04:47,BITTREX,BTC-ETC,0.00028149,7.31925301,25320.89262173,0,0.0002806,0.00028146,0
2021-02-19T17:04:47,BITTREX,ETH-ETC,0.00785189,41.11324205,5261.46017302,0,0.00777384,0.00784905,0
2021-02-19T17:04:47,BITTREX,BTC-REPV2,0.00061716,0.63184236,972.2521936,0,0.00062338,0.00063656,0
2021-02-19T17:04:47,BITTREX,BTC-FIRO,0.00011835,1.26382221,9985.80580978,0,0.00011766,0.0001181,0
2021-02-19T17:04:47,BITTREX,BTC-NEO,0.00085752,22.78344001,25909.38554258,0,0.00085752,0.00085852,0
2021-02-19T17:04:47,BITTREX,BTC-KMD,0.00002668,2.07265938,77749.15652221,0,0.00002637,0.00002669,0
2021-02-19T17:04:47,BITTREX,BTC-ARK,0.0000205,8.20959177,389874.14079782,0,0.00002049,0.00002055,0
2021-02-19T17:04:47,BITTREX,USDT-ETH,1944.01077437,10791441.1869659,5591.40368354,0,1944.74194875,1946.11650929,0
2021-02-19T17:04:47,BITTREX,BTC-GNO,0.00292274,0.60140541,201.3338189,0,0.00292281,0.00301845,0
2021-02-19T17:04:47,BITTREX,ETH-GNO,0.07515953,0.12967369,1.62299379,0,0.07560252,0.08465214,0
2021-02-19T17:04:47,BITTREX,BTC-ANT,0.00011041,0.75342912,6327.23924899,0,0.00011036,0.00011199,0
2021-02-19T17:04:47,BITTREX,ETH-BAT,0.00031425,109.77307111,338970.36799553,0,0.00031948,0.00032005,0
2021-02-19T17:04:47,BITTREX,BTC-ZEN,0.00138724,5.96810288,3968.89089255,0,0.00139045,0.00140418,0
2021-02-19T17:04:47,BITTREX,BTC-BNT,0.00010083,7.0394138,63433.95637317,0,0.00010185,0.00010366,0
2021-02-19T17:04:47,BITTREX,ETH-BNT,0.002839,69.42544577,23492.03010699,0,0.00279247,0.00289537,0
2021-02-19T17:04:47,BITTREX,ETH-NMR,0.02119232,1.90546366,85.60622293,0,0.0211116,0.02273164,0
2021-02-19T17:04:47,BITTREX,ETH-LTC,0.11908198,304.96285209,2567.80403531,0,0.1189452,0.11940605,0
2021-02-19T17:04:47,BITTREX,ETH-SNT,0.00005733,3.34707249,61171.42598261,0,0.00005595,0.00005679,0
2021-02-19T17:04:47,BITTREX,ETH-ADX,0.0003555,0.70357606,1933.02873005,0,0.00035814,0.00039988,0
2021-02-19T17:04:47,BITTREX,USDT-LTC,231.81192755,1412309.25758162,6161.49846781,0,231.7386832,232.06507936,0
2021-02-19T17:04:47,BITTREX,USDT-XRP,0.55661163,2018998.3982209,3698581.01779169,0,0.55418469,0.55523596,0
2021-02-19T17:04:47,BITTREX,BTC-OMG,0.00012,2.60258815,20926.2066795,0,0.00011946,0.00011999,0
2021-02-19T17:04:47,BITTREX,ETH-CVC,0.0002433,4.10671685,17260.46753948,0,0.00024211,0.00024613,0
2021-02-19T17:04:47,BITTREX,BTC-QTUM,0.00013289,3.03190211,22227.03351578,0,0.00013216,0.00013313,0
2021-02-19T17:04:47,BITTREX,ETH-QTUM,0.00374524,9.79440024,2648.99936679,0,0.00366683,0.00373736,0
2021-02-19T17:04:47,BITTREX,ETH-XEM,0.00024431,118.30205606,495531.98222143,0,0.00024702,0.00024784,0
2021-02-19T17:04:47,BITTREX,ETH-XLM,0.00025995,193.26038802,741996.3033493,0,0.00026041,0.00026075,0
2021-02-19T17:04:47,BITTREX,ETH-NEO,0.02390207,185.34586255,7727.27167867,0,0.02388276,0.02394978,0
2021-02-19T17:04:47,BITTREX,ETH-BCH,0.36318,214.49202901,563.88966441,0,0.36419817,0.36537993,0
2021-02-19T17:04:47,BITTREX,BTC-BCH,0.01309873,17.55206177,1299.50271216,0,0.01308004,0.01310054,0
2021-02-19T17:04:47,BITTREX,USDT-NEO,46.5860467,1082892.53949509,23554.89863389,0,46.4513446,46.5,0
2021-02-19T17:04:47,BITTREX,ETH-WAVES,0.00634754,18.60018696,2861.11731585,0,0.00635247,0.00644137,0
2021-02-19T17:04:47,BITTREX,ETH-STRAX,0.00080825,13.19241777,15478.17573742,0,0.00080956,0.00081633,0
2021-02-19T17:04:47,BITTREX,BTC-ADA,0.00001707,170.03289124,9683697.9408412,0,0.00001706,0.00001707,0
2021-02-19T17:04:47,BITTREX,BTC-MANA,0.00000587,3.65709095,619734.89391946,0,0.00000587,0.0000059,0
2021-02-19T17:04:47,BITTREX,ETH-MANA,0.00016162,7.54922608,47770.76777368,0,0.00016249,0.00016459,0
2021-02-19T17:04:47,BITTREX,ETH-VIB,0.00003617,5.07842397,143479.79879159,0,0.00003581,0.00003664,0
2021-02-19T17:04:47,BITTREX,ETH-POWR,0.00013623,6.40755857,48629.52088066,0,0.00013439,0.00013698,0
2021-02-19T17:04:47,BITTREX,ETH-ADA,0.00047568,1116.71350657,2354208.27560247,0,0.00047509,0.00047568,0
2021-02-19T17:04:47,BITTREX,USDT-ADA,0.92501376,3230327.15071195,3529213.43003459,0,0.92390001,0.92501372,0
2021-02-19T17:04:47,BITTREX,ETH-SRN,0.000026,0.24513619,9146.56835969,0,0.00002447,0.0000273,0
2021-02-19T17:04:47,BITTREX,ETH-ZRX,0.00078265,29.0995218,35945.22922893,0,0.00078415,0.00078712,0
2021-02-19T17:04:47,BITTREX,ETH-TRX,0.00003117,280.05387389,9150766.04008812,0,0.00003106,0.00003112,0
2021-02-19T17:04:47,BITTREX,BTC-LRC,0.0000136,0.62601864,43568.13324475,0,0.00001359,0.00001379,0
2021-02-19T17:04:47,BITTREX,ETH-TUSD,0.0005109,53.04543018,102121.01343049,0,0.00051353,0.00051439,0
2021-02-19T17:04:47,BITTREX,USD-BTC,54199.999,30983467.5947767,591.38883773,0,54194.137,54199.999,0
2021-02-19T17:04:47,BITTREX,USD-ETH,1943.105,14225643.0023252,7378.65849261,0,1945.148,1945.83,0
2021-02-19T17:04:47,BITTREX,USDT-DGB,0.07282589,492628.78612032,6564200.58249887,0,0.07189219,0.07282587,0
2021-02-19T17:04:47,BITTREX,USD-XRP,0.55481,1354839.2723918,2478525.04084191,0,0.55428,0.55545,0
2021-02-19T17:04:47,BITTREX,USD-ETC,15.29013,168664.16391718,11143.46806207,0,15.12759,15.31579,0
2021-02-19T17:04:47,BITTREX,BTC-BFT,0.00000066,0.03502802,59616.72016351,0,0.00000054,0.00000067,0
2021-02-19T17:04:47,BITTREX,USD-LTC,231.652,2535056.6071186,11099.53240077,0,231.531,232.135,0
2021-02-19T17:04:47,BITTREX,USDT-ZRX,1.53002946,98729.59935511,63158.74916493,0,1.52600627,1.53097184,0
2021-02-19T17:04:47,BITTREX,USDT-BAT,0.6212333,234371.42422553,375445.45255981,0,0.62125137,0.62246856,0
2021-02-19T17:04:47,BITTREX,BTC-BSV,0.00442453,41.53944746,9038.10742112,0,0.00442252,0.0044538,0
2021-02-19T17:04:47,BITTREX,USDT-BSV,240.26952388,599523.09898325,2468.25736236,0,239.3806132,240.4006,0
2021-02-19T17:04:47,BITTREX,BTC-USDS,0.00001821,0.27993714,15007.22843249,0,0.00001794,0.00002039,0
2021-02-19T17:04:47,BITTREX,USDT-NPXS,0.00128034,49825.80950169,38503540.9408983,0,0.00127404,0.00131879,0
2021-02-19T17:04:47,BITTREX,USD-ZRX,1.52736,318291.11332869,204007.67727438,0,1.52507,1.53099,0
2021-02-19T17:04:47,BITTREX,USD-BAT,0.62177,195589.40835082,313302.71977303,0,0.62122,0.62264,0
2021-02-19T17:04:47,BITTREX,USD-BSV,241.93,864155.20034711,3570.04999148,0,239.039,241.877,0
2021-02-19T17:04:47,BITTREX,USD-ZEN,75.00004,76377.69821233,964.36132491,0,75.00917,76.36098,0
2021-02-19T17:04:47,BITTREX,USDT-BTT,0.00128416,82910.05667137,62293786.0532278,0,0.001284,0.00131546,0
2021-02-19T17:04:47,BITTREX,BTC-CRO,0.00000247,138.84982158,57373847.5892109,0,0.00000246,0.00000248,0
2021-02-19T17:04:47,BITTREX,BTC-ONT,0.00002251,1.35503428,56686.25491179,0,0.00002238,0.00002258,0
2021-02-19T17:04:47,BITTREX,ETH-FX,0.00006329,1.76167644,26934.96458103,0,0.00006487,0.000072,0
2021-02-19T17:04:47,BITTREX,BTC-ATOM,0.00041183,9.83505388,22467.45957509,0,0.00041274,0.00041365,0
2021-02-19T17:04:47,BITTREX,USDT-ATOM,22.3249147,887177.94869679,38866.22100857,0,22.35943609,22.45059658,0
2021-02-19T17:04:47,BITTREX,ETH-ATOM,0.0115,123.01803841,10442.03360423,0,0.01146371,0.01152604,0
2021-02-19T17:04:47,BITTREX,USDT-OCEAN,1.13051603,21918.49171637,19151.20307296,0,1.10054294,1.13269732,0
2021-02-19T17:04:47,BITTREX,BTC-LAMB,0.00000069,0.50711655,703229.53551389,0,0.00000068,0.00000073,0
2021-02-19T17:04:47,BITTREX,BTC-MKR,0.0470803,0.74622497,15.17301632,0,0.04657398,0.04706648,0
2021-02-19T17:04:47,BITTREX,ETH-MKR,1.31589012,11.8159309,8.88006498,0,1.29952112,1.31314271,0
2021-02-19T17:04:47,BITTREX,BTC-DAI,0.00001852,0.70824486,37427.17117011,0,0.00001827,0.00001851,0
2021-02-19T17:04:47,BITTREX,USDT-DAI,1.0035,118444.45749033,117186.98192477,0,0.99804563,1.00685775,0
2021-02-19T17:04:47,BITTREX,BTC-PROM,0.0005,0.04554226,92.07887105,0,0.00043006,0.0005763,0
2021-02-19T17:04:47,BITTREX,ETH-EOS,0.00262391,89.42097935,33961.7690809,0,0.00261842,0.00262294,0
2021-02-19T17:04:47,BITTREX,BTC-HEDG,0.00002581,0.50433232,18591.84766772,0,0.00002475,0.00002575,0
2021-02-19T17:04:47,BITTREX,USD-HBAR,0.14352356,734583.02967349,5093917.86136631,0,0.14211666,0.14313913,0
2021-02-19T17:04:47,BITTREX,USDT-HBAR,0.14326662,347095.10979585,2403260.76499312,0,0.14272966,0.14325977,0
2021-02-19T17:04:47,BITTREX,USDT-VET,0.0538298,87032.25945589,1607166.02032656,0,0.0527298,0.05377898,0
2021-02-19T17:04:47,BITTREX,BTC-SIX,0.00000088,9.42072412,10773421.543703,0,0.00000088,0.00000089,0
2021-02-19T17:04:47,BITTREX,USD-DCR,134.83828776,50900.47426271,381.60338425,0,132.8760001,135.99999437,0
2021-02-19T17:04:47,BITTREX,BTC-LINK,0.00063317,29.09238994,45972.94642629,0,0.00063713,0.00063785,0
2021-02-19T17:04:47,BITTREX,ETH-XTZ,0.00250929,30.19988928,11934.47604079,0,0.0025158,0.00252956,0
2021-02-19T17:04:47,BITTREX,BTC-CTC,0.00006319,3.05276928,47027.35105708,0,0.00005978,0.00006249,0
2021-02-19T17:04:47,BITTREX,USD-ATOM,22.37214002,559305.1615135,24430.94774799,0,22.36911618,22.47099939,0
2021-02-19T17:04:47,BITTREX,BTC-IOTA,0.00002768,17.03095572,587478.19669193,0,0.00002739,0.00002769,0
2021-02-19T17:04:47,BITTREX,ETH-LINK,0.01763089,139.41723275,8128.80399728,0,0.01766201,0.0177957,0
2021-02-19T17:04:47,BITTREX,USD-LINK,34.48749378,1490184.52218373,44725.2062611,0,34.53959929,34.55138798,0
2021-02-19T17:04:47,BITTREX,USDT-LINK,34.36593184,1581972.3701008,47177.7569696,0,34.53320498,34.58864741,0
2021-02-19T17:04:47,BITTREX,BTC-ABBC,0.00000355,0.07339,21653.73657555,0,0.00000319,0.00000357,0
2021-02-19T17:04:47,BITTREX,BTC-BOA,0.0000034,0.25325532,71578.58204763,0,0.00000329,0.00000345,0
2021-02-19T17:04:47,BITTREX,USDT-MOF,0.22,20994.34225979,99299.19484756,0,0.21317071,0.21791999,0
2021-02-19T17:04:47,BITTREX,USDT-CRO,0.13355103,5125702.14509057,41329704.8432168,0,0.13355187,0.13435287,0
2021-02-19T17:04:47,BITTREX,USDT-IRIS,0.13671,3282.78727062,21790.07615664,0,0.13602,0.164,0
2021-02-19T17:04:47,BITTREX,USDT-BOA,0.17823032,12153.3266871,66370.02986442,0,0.17000107,0.199,0
2021-02-19T17:04:47,BITTREX,EUR-ETH,1602.749,479607.35176388,300.3861512,0,1601.121,1604.48,0
2021-02-19T17:04:47,BITTREX,EUR-BSV,196.525,19717.64980894,98.08030528,0,196.227,197.701,0
2021-02-19T17:04:47,BITTREX,EUR-TRX,0.04967,12894.22758564,259984.27614871,0,0.04939,0.0503,0
2021-02-19T17:04:47,BITTREX,ETH-OGN,0.00021014,5.18155739,21695.14230339,0,0.00019117,0.00029582,0
2021-02-19T17:04:47,BITTREX,ETH-USDC,0.00051041,231.61185334,446152.80349529,0,0.00051337,0.00051442,0
2021-02-19T17:04:47,BITTREX,USDT-BRZ,0.18,3.93246681,21.84703787,0,0.18002,0.18682,0
2021-02-19T17:04:47,BITTREX,BTC-XUC,0.00001899,6.68294565,337927.02130152,0,0.00001911,0.00001932,0
2021-02-19T17:04:47,BITTREX,USDT-XUC,1.03517,322907.85129641,315586.01698861,0,1.01803464,1.04709061,0
2021-02-19T17:04:47,BITTREX,USDT-HIVE,0.30653,81393.81885738,257337.06030737,0,0.30648,0.30805,0
2021-02-19T17:04:47,BITTREX,BTC-CNTM,0.00002709,0.04768365,1674.99776898,0,0.00002415,0.00002605,0
2021-02-19T17:04:47,BITTREX,USDT-LBC,0.18903,471917.88335776,2523712.38210049,0,0.18728,0.19,0
2021-02-19T17:04:47,BITTREX,USD-ALGO,1.35146,715950.4172376,516610.1502909,0,1.34846,1.35071,0
2021-02-19T17:04:47,BITTREX,USDT-ALGO,1.33592,136120.56759302,98407.67868934,0,1.33408,1.36301,0
2021-02-19T17:04:47,BITTREX,ETH-CELO,0.00286703,105.1775781,37804.73617583,0,0.00284293,0.00289707,0
2021-02-19T17:04:47,BITTREX,BTC-VID,0.00000269,8.20898438,3564498.658439,0,0.00000267,0.0000027,0
2021-02-19T17:04:47,BITTREX,USDT-BTE,3.795,1031.01018434,253.41699428,0,3.826,4.081,0
2021-02-19T17:04:47,BITTREX,BTC-COMP,0.00867321,3.39351391,385.81113069,0,0.00857487,0.00862037,0
2021-02-19T17:04:47,BITTREX,ETH-COMP,0.23985818,166.85396067,695.10837499,0,0.23942827,0.2417973,0
2021-02-19T17:04:47,BITTREX,USDT-LUNA,6.23629,265617.81690602,40650.55303964,0,6.24797,6.4967,0
2021-02-19T17:04:47,BITTREX,ETH-WBTC,27.21842243,1.63661642,0.06086199,0,27.71001816,27.99464155,0
2021-02-19T17:04:47,BITTREX,ETH-DOGE,0.00002812,553.76781846,18505296.9632786,0,0.00002812,0.00002821,0
2021-02-19T17:04:47,BITTREX,ETH-CRO,0.00006882,1054.92959251,16299162.324065,0,0.00006835,0.00006919,0
2021-02-19T17:04:47,BITTREX,BTC-SKM,0.0000001,0.42166129,2884739.6117702,0,0.00000011,0.00000013,0
2021-02-19T17:04:47,BITTREX,USD-CRO,0.13465,2050034.10842761,16435157.2960464,0,0.13298,0.13464,0
2021-02-19T17:04:47,BITTREX,BTC-SUKU,0.00000407,0.24054099,58133.41611375,0,0.00000399,0.00000406,0
2021-02-19T17:04:47,BITTREX,ETH-KSM,0.12000011,10.6952531,89.12709864,0,0.12005999,0.15866523,0
2021-02-19T17:04:47,BITTREX,BTC-DOT,0.00062201,14.20485309,23047.23407043,0,0.00062173,0.00062244,0
2021-02-19T17:04:47,BITTREX,USDT-DOT,33.732,646730.48536166,19739.82934522,0,33.671,33.731,0
2021-02-19T17:04:47,BITTREX,EUR-DOT,28.004,46378.23468516,1754.36402119,0,27.54,28.003,0
2021-02-19T17:04:47,BITTREX,BTC-OXEN,0.00002,0.60093447,28956.30639353,0,0.00002021,0.00002049,0
2021-02-19T17:04:47,BITTREX,USDT-MATIC,0.12498,32079.57748331,254311.05835336,0,0.11431,0.12498,0
2021-02-19T17:04:47,BITTREX,BTC-DUCATO,0.00042791,0.63393714,1466.27281852,0,0.0004185,0.00043476,0
2021-02-19T17:04:47,BITTREX,USDT-GST,1.5016,1180.05559931,666.3143132,0,1.50382,1.63347,0
2021-02-19T17:04:47,BITTREX,USDT-BWF,0.01405,80641.23785515,5723914.11684504,0,0.01405,0.01411,0
2021-02-19T17:04:47,BITTREX,BTC-UNI,0.00037356,2.81489961,7054.25030495,0,0.0003701,0.00037342,0
2021-02-19T17:04:47,BITTREX,ETH-UNI,0.01037,28.02652757,2618.27167732,0,0.01033,0.01042957,0
2021-02-19T17:04:47,BITTREX,USDT-UNI,20.37,89133.3964879,4337.22616925,0,20.09,20.37,0
2021-02-19T17:04:47,BITTREX,USDT-ADABULL,44077.725,2177.56224987,0.05407954,0,40078.029,41299.54,0
2021-02-19T17:04:47,BITTREX,USDT-ETHBULL,9331.706,165309.60538582,17.8317557,0,9337.414,9440.527,0
2021-02-19T17:04:47,BITTREX,USDT-BULL,99818.225,6339.11716334,0.06909438,0,100246.746,101633.355,0
2021-02-19T17:04:47,BITTREX,USD-BEAR,0.00145,16886.74170955,10434546.8204745,0,0.00148,0.0015,0
2021-02-19T17:04:47,BITTREX,BTC-FIL,0.00074183,1.46723189,1820.988675,0,0.0007421,0.00078648,0
2021-02-19T17:04:47,BITTREX,USD-FIL,40.503,8743.96496263,204.62355923,0,40.503,43.331,0
2021-02-19T17:04:47,BITTREX,USDT-KAI,0.03714,3238.70820862,91255.69923386,0,0.03611,0.03715,0
2021-02-19T17:04:47,BITTREX,BTC-AKN,0.00000903,0.46544991,50280.24415887,0,0.00000883,0.00000903,0
2021-02-19T17:04:47,BITTREX,USDT-LCS,0.06387,55884.33046194,882164.11431472,0,0.06266,0.06629,0
2021-02-19T17:04:47,BITTREX,BTC-SHR,0.00000068,0.60216558,966729.46084546,0,0.00000067,0.00000071,0
2021-02-19T17:04:47,BITTREX,ETH-UMA,0.01360011,0.48954499,34.65390002,0,0.01310685,0.01351356,0
2021-02-19T17:04:47,BITTREX,BTC-AAVE,0.0076832,2.68513005,322.44982177,0,0.00770049,0.00791548,0
2021-02-19T17:04:47,BITTREX,ETH-AAVE,0.21549571,17.65117127,78.55677445,0,0.21562945,0.22132625,0
2021-02-19T17:04:47,BITTREX,ETH-BAL,0.02212376,1.8040958,78.67619313,0,0.022031,0.02230775,0
2021-02-19T17:04:47,BITTREX,USD-BAL,43.055,2262.114195,51.63458434,0,42.563,43.324,0
2021-02-19T17:04:47,BITTREX,BTC-REN,0.00002565,3.55938093,151137.77759471,0,0.00002593,0.00002669,0
2021-02-19T17:04:47,BITTREX,USDT-REN,1.4,23390.40057243,19182.13638572,0,1.24732,1.45099,0
2021-02-19T17:04:47,BITTREX,ETH-RENBTC,26.72761064,0.02670489,0.00099915,0,27.74239902,27.96328888,0
2021-02-19T17:04:47,BITTREX,EUR-RENBTC,42699.97,71.41313782,0.00167244,0,44408.622,44971.153,0
2021-02-19T17:04:47,BITTREX,USD-KNC,2.21699,4826.22508462,2178.38278399,0,2.14939,2.4535,0
2021-02-19T17:04:47,BITTREX,USDT-KNC,2.19535,8188.20506125,3724.20647451,0,2.12718,2.34995,0
2021-02-19T17:04:47,BITTREX,USD-BAND,20.497,9138.72506909,503.45954919,0,17.376,20.492,0
2021-02-19T17:04:47,BITTREX,ETH-YFL,0.15304109,0,0,0,0.15005024,0.25999994,0
2021-02-19T17:04:47,BITTREX,EUR-ADA,0.75908,207162.96446073,272554.85667218,0,0.76073,0.76274,0
2021-02-19T17:04:47,BITTREX,EUR-XLM,0.42546,9475.4523091,22673.33199606,0,0.41459,0.423,0
2021-02-19T17:04:47,BITTREX,USDT-AMZN,3311.79660131,12279.57963966,3.70726562,0,3310.74115089,3321.8082183,0
2021-02-19T17:04:47,BITTREX,USD-BABA,262.576,0,0,0,265.099,265.868,0
2021-02-19T17:04:47,BITTREX,USDT-BABA,264.99902537,4795.89446593,18.09622796,0,265.1403702,265.96449361,0
2021-02-19T17:04:47,BITTREX,BTC-BILI,0.00278315,0.00728738,2.61839625,0,0.0027702,0.00279473,0
2021-02-19T17:04:47,BITTREX,USDT-BNTX,113.59678529,145.81184499,1.29814168,0,114.8977007,115.95939059,0
2021-02-19T17:04:47,BITTREX,USDT-GOOGL,2102.93185126,62.89132431,0.02989585,0,2107.13667122,2113.76559515,0
2021-02-19T17:04:47,BITTREX,BTC-PFE,0.00067828,0.00204489,3.01481721,0,0.0006354,0.0006404,0
2021-02-19T17:04:47,BITTREX,BTC-TSLA,0.01453649,0.10067134,6.75144225,0,0.01451844,0.01460419,0
2021-02-19T17:04:47,BITTREX,BTC-TEA,0.000002,0.31148528,141467.71521495,0,0.00000189,0.00000195,0
2021-02-19T17:04:47,BITTREX,USDT-GRT,2.17,39085.90885925,17512.5661952,0,2.17,2.215,0
2021-02-19T17:04:47,BITTREX,BTC-KOK,0.00001165,0.7497754,53053.05241983,0,0.00000906,0.00001128,0
2021-02-19T17:04:47,BITTREX,USD-LBC,0.18555,59376.55124492,316854.18624401,0,0.18656,0.18993,0
2021-02-19T17:04:47,BITTREX,USDT-MCH,0.06842,19045.69315536,263751.930119,0,0.06351,0.08505,0
2021-02-19T17:04:47,BITTREX,BTC-SQ,0.00519879,0.00187193,0.36007105,0,0.00514218,0.00518428,0
2021-02-19T17:04:52,BITTREX,BTC-LTC,0.00427695,80.49441047,18332.59668314,0,0.00427244,0.00427557,0
2021-02-19T17:04:52,BITTREX,BTC-MONA,0.00004647,1.44490474,30365.36991083,0,0.00004629,0.00004685,0
2021-02-19T17:04:52,BITTREX,BTC-VIA,0.00001444,0.34036613,22623.26968448,0,0.00001445,0.00001466,0
2021-02-19T17:04:52,BITTREX,BTC-SYS,0.00000325,1.93872897,567666.09113526,0,0.00000321,0.00000325,0
2021-02-19T17:04:52,BITTREX,BTC-SPHR,0.0000096,0.54381747,55547.06460992,0,0.00000902,0.00000948,0
2021-02-19T17:04:52,BITTREX,BTC-ETH,0.03587529,493.66171583,13399.47952239,0,0.03587531,0.03588966,0
2021-02-19T17:04:52,BITTREX,USDT-BTC,54195.83339807,21698403.2973733,414.30083773,0,54201.34259148,54219.87992857,0
2021-02-19T17:04:52,BITTREX,BTC-SLS,0.00031632,0.15209785,463.95598014,0,0.0003179,0.00033012,0
2021-02-19T17:04:52,BITTREX,BTC-DCR,0.00248644,7.04574654,2745.0667729,0,0.00245747,0.00248642,0
2021-02-19T17:04:52,BITTREX,BTC-PIVX,0.00001804,1.82087314,109012.87221746,0,0.00001736,0.00001784,0
2021-02-19T17:04:52,BITTREX,BTC-LSK,0.00007176,10.0580057,139977.46956975,0,0.00007099,0.00007161,0
2021-02-19T17:04:52,BITTREX,BTC-WAVES,0.00022723,3.9376785,16296.85482372,0,0.00022838,0.0002301,0
2021-02-19T17:04:52,BITTREX,BTC-LBC,0.0000035,16.99614604,4703510.16070404,0,0.0000035,0.00000353,0
2021-02-19T17:04:52,BITTREX,BTC-ETC,0.00028149,7.31925301,25320.89262173,0,0.00028009,0.00028134,0
2021-02-19T17:04:52,BITTREX,ETH-ETC,0.00785189,41.11324205,5261.46017302,0,0.00776072,0.00784905,0
2021-02-19T17:04:52,BITTREX,BTC-REPV2,0.00061716,0.63184236,972.2521936,0,0.00062342,0.00063653,0
2021-02-19T17:04:52,BITTREX,BTC-FIRO,0.00011835,1.26382221,9985.80580978,0,0.00011763,0.0001181,0
2021-02-19T17:04:52,BITTREX,BTC-NEO,0.00085752,22.78344001,25909.38554258,0,0.00085752,0.00085906,0
2021-02-19T17:04:52,BITTREX,BTC-GBYTE,0.00070062,0.53546987,730.12109596,0,0.0007007,0.00071665,0
2021-02-19T17:04:52,BITTREX,BTC-GLM,0.00000853,37.13037754,4227069.86550603,0,0.00000838,0.00000853,0
2021-02-19T17:04:52,BITTREX,ETH-REPV2,0.0183895,1.01507355,58.06961617,0,0.01673802,0.01838925,0
2021-02-19T17:04:52,BITTREX,USDT-ETH,1944.01077437,10791441.1869659,5591.40368354,0,1944.42703096,1945.67266008,0
2021-02-19T17:04:52,BITTREX,BTC-GNO,0.00292274,0.60140541,201.3338189,0,0.00292281,0.00301843,0
2021-02-19T17:04:52,BITTREX,ETH-GNO,0.07515953,0.12967369,1.62299379,0,0.07560254,0.08465214,0
2021-02-19T17:04:52,BITTREX,BTC-ANT,0.00011041,0.75342912,6327.23924899,0,0.00011046,0.00011194,0
2021-02-19T17:04:52,BITTREX,ETH-BAT,0.00031425,109.77307111,338970.36799553,0,0.00031888,0.00031955,0
2021-02-19T17:04:52,BITTREX,BTC-BAT,0.00001148,5.46376608,457080.05612582,0,0.00001144,0.00001147,0
2021-02-19T17:04:52,BITTREX,BTC-ZEN,0.00138724,5.96810288,3968.89089255,0,0.00139149,0.00140418,0
2021-02-19T17:04:52,BITTREX,BTC-BNT,0.00010083,7.0394138,63433.95637317,0,0.00010186,0.00010363,0
2021-02-19T17:04:52,BITTREX,ETH-BNT,0.002839,69.42544577,23492.03010699,0,0.00279258,0.00289531,0
2021-02-19T17:04:52,BITTREX,ETH-NMR,0.02119232,1.90546366,85.60622293,0,0.02111161,0.02273164,0
2021-02-19T17:04:52,BITTREX,ETH-LTC,0.11908198,304.96285209,2567.80403531,0,0.11902727,0.1193152,0
2021-02-19T17:04:52,BITTREX,BTC-SNT,0.00000198,0.80187257,397608.25182483,0,0.00000201,0.00000203,0
2021-02-19T17:04:52,BITTREX,ETH-SNT,0.00005733,3.34707249,61171.42598261,0,0.00005611,0.00005696,0
2021-02-19T17:04:52,BITTREX,ETH-ADX,0.0003555,0.70357606,1933.02873005,0,0.00035821,0.00039988,0
2021-02-19T17:04:52,BITTREX,USDT-LTC,231.81192755,1412309.25758162,6161.49846781,0,231.56629058,231.91388209,0
2021-02-19T17:04:52,BITTREX,USDT-ETC,15.16970926,240437.7717168,15796.14633266,0,15.16939728,15.27542122,0
2021-02-19T17:04:52,BITTREX,USDT-XRP,0.55661163,2018998.3982209,3698581.01779169,0,0.55418469,0.55525723,0
2021-02-19T17:04:52,BITTREX,BTC-OMG,0.00012,2.60258815,20926.2066795,0,0.00011948,0.00011999,0
2021-02-19T17:04:52,BITTREX,ETH-CVC,0.0002433,4.10671685,17260.46753948,0,0.00024211,0.0002461,0
2021-02-19T17:04:52,BITTREX,BTC-QTUM,0.00013289,3.03190211,22227.03351578,0,0.00013214,0.00013311,0
2021-02-19T17:04:52,BITTREX,ETH-QTUM,0.00374524,9.79440024,2648.99936679,0,0.00366687,0.00373733,0
2021-02-19T17:04:52,BITTREX,ETH-XEM,0.00024431,118.30205606,495531.98222143,0,0.00024702,0.00024833,0
2021-02-19T17:04:52,BITTREX,ETH-XLM,0.00025995,193.26038802,741996.3033493,0,0.00026041,0.00026081,0
2021-02-19T17:04:52,BITTREX,ETH-NEO,0.02390207,185.34586255,7727.27167867,0,0.02388349,0.02394976,0
2021-02-19T17:04:52,BITTREX,ETH-BCH,0.36318,214.49202901,563.88966441,0,0.36458834,0.36535134,0
2021-02-19T17:04:52,BITTREX,USDT-BCH,708.81454697,918234.71349466,1291.23408139,0,709.41354113,710.65179381,0
2021-02-19T17:04:52,BITTREX,BTC-BCH,0.01309873,17.55206177,1299.50271216,0,0.01308278,0.01310056,0
2021-02-19T17:04:52,BITTREX,USDT-NEO,46.5860467,1082892.53949509,23554.89863389,0,46.47865183,46.5,0
2021-02-19T17:04:52,BITTREX,ETH-WAVES,0.00634754,18.60018696,2861.11731585,0,0.0063525,0.00644133,0
2021-02-19T17:04:52,BITTREX,ETH-STRAX,0.00080825,13.19241777,15478.17573742,0,0.00080827,0.00081633,0
2021-02-19T17:04:52,BITTREX,ETH-DGB,0.00003734,160.97675381,4137995.43855185,0,0.00003704,0.00003744,0
2021-02-19T17:04:52,BITTREX,BTC-MANA,0.00000587,3.65709095,619734.89391946,0,0.00000585,0.0000059,0
2021-02-19T17:04:52,BITTREX,ETH-MANA,0.00016162,7.54922608,47770.76777368,0,0.00016259,0.00016459,0
2021-02-19T17:04:52,BITTREX,ETH-VIB,0.00003581,5.17842397,146272.31484856,0,0.00003525,0.00003662,0
2021-02-19T17:04:52,BITTREX,BTC-POWR,0.00000487,1.70550335,343948.34705656,0,0.00000484,0.00000491,0
2021-02-19T17:04:52,BITTREX,ETH-POWR,0.00013623,6.40755857,48629.52088066,0,0.00013439,0.00013695,0
2021-02-19T17:04:52,BITTREX,ETH-ADA,0.00047568,1116.71350657,2354208.27560247,0,0.00047509,0.00047562,0
2021-02-19T17:04:52,BITTREX,USDT-ADA,0.92501376,3230327.15071195,3529213.43003459,0,0.92391918,0.92515393,0
2021-02-19T17:04:52,BITTREX,ETH-SRN,0.000026,0.24513619,9146.56835969,0,0.00002452,0.0000273,0
2021-02-19T17:04:52,BITTREX,ETH-ZRX,0.00078265,29.0995218,35945.22922893,0,0.00078418,0.00078711,0
2021-02-19T17:04:52,BITTREX,ETH-TRX,0.00003117,280.05387389,9150766.04008812,0,0.00003103,0.0000311,0
2021-02-19T17:04:52,BITTREX,BTC-LRC,0.0000136,0.62601864,43568.13324475,0,0.0000136,0.00001376,0
2021-02-19T17:04:52,BITTREX,USDT-TRX,0.06046213,2049264.41993473,34433167.3643605,0,0.06046213,0.06049365,0
2021-02-19T17:04:52,BITTREX,ETH-STMX,0.00000543,7.63052676,1365532.88582832,0,0.00000548,0.0000056,0
2021-02-19T17:04:52,BITTREX,USD-BTC,54199.999,30983467.5947767,591.38883773,0,54197.075,54199.999,0
2021-02-19T17:04:52,BITTREX,USD-ETH,1943.105,14225643.0023252,7378.65849261,0,1944.938,1945.828,0
2021-02-19T17:04:52,BITTREX,BTC-LOOM,0.00000291,9.37037091,2923345.47151803,0,0.00000286,0.00000292,0
2021-02-19T17:04:52,BITTREX,USDT-DGB,0.07282589,492628.78612032,6564200.58249887,0,0.07189248,0.07282587,0
2021-02-19T17:04:52,BITTREX,USD-XRP,0.55481,1354839.2723918,2478525.04084191,0,0.55455,0.55551,0
2021-02-19T17:04:52,BITTREX,USD-ETC,15.29013,168664.16391718,11143.46806207,0,15.13162,15.31574,0
2021-02-19T17:04:52,BITTREX,USD-ADA,0.92538,5126235.7438153,5601292.05625385,0,0.92434,0.92539,0
2021-02-19T17:04:52,BITTREX,USD-LTC,231.652,2535056.6071186,11099.53240077,0,231.26,231.851,0
2021-02-19T17:04:52,BITTREX,USD-TRX,0.06053,1954503.40274436,33273622.8335087,0,0.06044,0.06056,0
2021-02-19T17:04:52,BITTREX,USD-BCH,707.936,1190723.60147399,1685.87123031,0,708.867,710.514,0
2021-02-19T17:04:52,BITTREX,USDT-ZRX,1.53002946,98729.59935511,63158.74916493,0,1.52600628,1.53097183,0
2021-02-19T17:04:52,BITTREX,USDT-BAT,0.6212333,234371.42422553,375445.45255981,0,0.62037495,0.62167349,0
2021-02-19T17:04:52,BITTREX,USDT-RVN,0.1293224,1357702.36057876,12054596.1366208,0,0.1293224,0.12986317,0
2021-02-19T17:04:52,BITTREX,USD-SC,0.01284,437175.28972568,33815955.9099607,0,0.01284,0.01297,0
2021-02-19T17:04:52,BITTREX,BTC-PAX,0.00001836,0.82069643,43362.40032034,0,0.00001834,0.00001853,0
2021-02-19T17:04:52,BITTREX,BTC-BSV,0.00442453,41.53944746,9038.10742112,0,0.00442477,0.0044538,0
2021-02-19T17:04:52,BITTREX,ETH-BSV,0.1222994,55.67416667,444.61823247,0,0.12304944,0.12373673,0
2021-02-19T17:04:52,BITTREX,BTC-USDS,0.00001821,0.27993714,15007.22843249,0,0.00001796,0.00002039,0
2021-02-19T17:04:52,BITTREX,USD-ZRX,1.52736,318291.11332869,204007.67727438,0,1.52548,1.53099,0
2021-02-19T17:04:52,BITTREX,USD-BAT,0.62177,195589.40835082,313302.71977303,0,0.62064,0.62182,0
2021-02-19T17:04:52,BITTREX,USD-BSV,241.93,864155.20034711,3570.04999148,0,239.053,241.871,0
2021-02-19T17:04:52,BITTREX,USD-DGB,0.07183,820781.02906368,10945612.0577127,0,0.07194,0.07262,0
2021-02-19T17:04:52,BITTREX,BTC-QNT,0.00078101,22.52090661,26252.45246183,0,0.00078104,0.0007845,0
2021-02-19T17:04:52,BITTREX,USD-ZEN,75.00004,76377.69821233,964.36132491,0,75.01404,76.36096,0
2021-02-19T17:04:52,BITTREX,USDT-BTT,0.00128416,82910.05667137,62293786.0532278,0,0.001284,0.00131324,0
2021-02-19T17:04:52,BITTREX,USDT-XLM,0.50722458,933611.05152577,1858810.80502198,0,0.50655511,0.50732736,0
2021-02-19T17:04:52,BITTREX,BTC-CRO,0.00000247,138.85635636,57376493.2503008,0,0.00000246,0.00000248,0
2021-02-19T17:04:52,BITTREX,BTC-ONT,0.00002251,1.35503428,56686.25491179,0,0.00002241,0.00002262,0
2021-02-19T17:04:52,BITTREX,BTC-ATOM,0.00041183,9.83505388,22467.45957509,0,0.00041287,0.00041471,0
2021-02-19T17:04:52,BITTREX,USDT-ATOM,22.3249147,887177.94869679,38866.22100857,0,22.37487378,22.45059648,0
2021-02-19T17:04:52,BITTREX,ETH-ATOM,0.0115,123.01803841,10442.03360423,0,0.01146391,0.01152604,0
2021-02-19T17:04:52,BITTREX,USDT-OCEAN,1.13051603,21918.49171637,19151.20307296,0,1.10054295,1.13269734,0
2021-02-19T17:04:52,BITTREX,BTC-MKR,0.0470803,0.74622497,15.17301632,0,0.04657399,0.04705704,0
2021-02-19T17:04:52,BITTREX,ETH-MKR,1.31589012,11.8159309,8.88006498,0,1.29952113,1.31233535,0
2021-02-19T17:04:52,BITTREX,BTC-DAI,0.00001852,0.70824486,37427.17117011,0,0.00001829,0.00001851,0
2021-02-19T17:04:52,BITTREX,ETH-DAI,0.00051707,1.61704233,3101.67709058,0,0.00050972,0.00051632,0
2021-02-19T17:04:52,BITTREX,USDT-DAI,1.0035,118444.45749033,117186.98192477,0,0.99804569,1.00685775,0
2021-02-19T17:04:52,BITTREX,ETH-EOS,0.00262391,89.42097935,33961.7690809,0,0.00261927,0.00262341,0
2021-02-19T17:04:52,BITTREX,USDT-EOS,5.10000001,723174.90567798,142376.52316075,0,5.09500794,5.10261999,0
2021-02-19T17:04:52,BITTREX,BTC-HEDG,0.00002581,0.50433232,18591.84766772,0,0.00002475,0.00002574,0
2021-02-19T17:04:52,BITTREX,BTC-MRPH,0.00004041,5.03800094,124751.20613133,0,0.00004112,0.0000415,0
2021-02-19T17:04:52,BITTREX,ETH-HBAR,0.00007326,44.04922713,585253.66066287,0,0.00007329,0.00007361,0
2021-02-19T17:04:52,BITTREX,USD-HBAR,0.14352356,734583.02967349,5093917.86136631,0,0.14211683,0.14313904,0
2021-02-19T17:04:52,BITTREX,USDT-HBAR,0.14326662,347095.10979585,2403260.76499312,0,0.14267007,0.14308125,0
2021-02-19T17:04:52,BITTREX,USDT-VET,0.0538298,87032.25945589,1607166.02032656,0,0.0527298,0.05377892,0
2021-02-19T17:04:52,BITTREX,USD-DCR,134.83828776,50900.47426271,381.60338425,0,132.8760001,135.99999436,0
2021-02-19T17:04:52,BITTREX,BTC-LINK,0.00063317,29.09238994,45972.94642629,0,0.00063707,0.00063785,0
2021-02-19T17:04:52,BITTREX,USD-EOS,5.10045002,669203.76572827,132723.28041423,0,5.09565808,5.10328023,0
2021-02-19T17:04:52,BITTREX,BTC-XTZ,0.0000899,7.72119677,82723.81749618,0,0.00009053,0.00009073,0
2021-02-19T17:04:52,BITTREX,ETH-XTZ,0.00250929,30.19988928,11934.47604079,0,0.0025159,0.00252956,0
2021-02-19T17:04:52,BITTREX,BTC-CTC,0.00006319,3.05276928,47027.35105708,0,0.00005979,0.00006249,0
2021-02-19T17:04:52,BITTREX,USD-ATOM,22.37214002,559305.1615135,24430.94774799,0,22.38805312,22.47099927,0
2021-02-19T17:04:52,BITTREX,BTC-IOTA,0.00002768,17.03095572,587478.19669193,0,0.00002739,0.00002767,0
2021-02-19T17:04:52,BITTREX,ETH-LINK,0.01763089,139.41723275,8128.80399728,0,0.01766222,0.01779566,0
2021-02-19T17:04:52,BITTREX,USD-LINK,34.48749378,1490184.52218373,44725.2062611,0,34.5395993,34.54549364,0
2021-02-19T17:04:52,BITTREX,USDT-LINK,34.36593184,1581972.3701008,47177.7569696,0,34.53320498,34.58864732,0
2021-02-19T17:04:52,BITTREX,USD-RVN,0.12930995,2641443.37137639,23607783.0184573,0,0.1287329,0.12996493,0
2021-02-19T17:04:52,BITTREX,BTC-BOA,0.0000034,0.25325532,71578.58204763,0,0.00000328,0.00000345,0
2021-02-19T17:04:52,BITTREX,USDT-MOF,0.22,20994.34225979,99299.19484756,0,0.21317094,0.21791999,0
2021-02-19T17:04:52,BITTREX,USDT-CRO,0.13355103,5125702.14509057,41329704.8432168,0,0.1332004,0.13435272,0
2021-02-19T17:04:52,BITTREX,USDT-IRIS,0.13671,3282.78727062,21790.07615664,0,0.13603,0.164,0
2021-02-19T17:04:52,BITTREX,USDT-BOA,0.17823032,12153.3266871,66370.02986442,0,0.17000109,0.199,0
2021-02-19T17:04:52,BITTREX,EUR-BTC,44615.164,1306164.02764735,29.86828535,0,44621.447,44716.021,0
2021-02-19T17:04:52,BITTREX,EUR-ETH,1602.749,479607.35176388,300.3861512,0,1600.99,1604.443,0
2021-02-19T17:04:52,BITTREX,EUR-BCH,580.541,11890.99919096,20.08281461,0,583,584.918,0
2021-02-19T17:04:52,BITTREX,EUR-TRX,0.04967,12894.22758564,259984.27614871,0,0.04947,0.05026,0
2021-02-19T17:04:52,BITTREX,ETH-OGN,0.00021014,5.18155739,21695.14230339,0,0.00019117,0.00029579,0
2021-02-19T17:04:52,BITTREX,BTC-ALGO,0.00002469,8.36293902,317516.20228061,0,0.00002488,0.00002493,0
2021-02-19T17:04:52,BITTREX,BTC-OXT,0.00001116,1.38811792,117488.26179821,0,0.00001117,0.00001129,0
2021-02-19T17:04:52,BITTREX,USDT-OXT,0.60692,28277.55746897,46014.93856217,0,0.60546,0.61284,0
2021-02-19T17:04:52,BITTREX,BTC-ICX,0.00004121,7.70706017,180014.813724,0,0.00004118,0.00004198,0
2021-02-19T17:04:52,BITTREX,USDT-UPUSD,1.18799999,930.29353414,816.34780414,0,0.93001194,1.17,0
2021-02-19T17:04:52,BITTREX,USDT-BRZ,0.18,3.93246681,21.84703787,0,0.18001,0.18682,0
2021-02-19T17:04:52,BITTREX,USDT-XUC,1.03517,322907.85129641,315586.01698861,0,1.01803468,1.04709061,0
2021-02-19T17:04:52,BITTREX,USDT-HIVE,0.30653,81393.81885738,257337.06030737,0,0.30648,0.30813,0
2021-02-19T17:04:52,BITTREX,USD-ENJ,0.57993,98738.02764355,171002.91801262,0,0.57301,0.57763,0
2021-02-19T17:04:52,BITTREX,ETH-ENJ,0.00029569,23.6858548,79190.97774511,0,0.0002946,0.00029722,0
2021-02-19T17:04:52,BITTREX,BTC-CNTM,0.00002709,0.04768365,1674.99776898,0,0.00002415,0.00002607,0
2021-02-19T17:04:52,BITTREX,USDT-LBC,0.18903,471917.88335776,2523712.38210049,0,0.18729,0.19,0
2021-02-19T17:04:52,BITTREX,USD-ALGO,1.35146,715950.4172376,516610.1502909,0,1.34897,1.35154,0
2021-02-19T17:04:52,BITTREX,USDT-ALGO,1.33592,136120.56759302,98407.67868934,0,1.33413,1.36301,0
2021-02-19T17:04:52,BITTREX,ETH-UBT,0.00077321,657.46687109,753310.14460703,0,0.00076103,0.00077321,0
2021-02-19T17:04:52,BITTREX,ETH-CELO,0.00286703,105.1775781,37804.73617583,0,0.00284307,0.00289707,0
2021-02-19T17:04:52,BITTREX,BTC-VID,0.00000268,8.21204895,3565642.15681229,0,0.00000267,0.0000027,0
2021-02-19T17:04:52,BITTREX,ETH-TRAC,0.00024476,94.71260914,324362.73237389,0,0.00024299,0.00024476,0
2021-02-19T17:04:52,BITTREX,USDT-BTE,3.795,1031.01018434,253.41699428,0,3.827,4.081,0
2021-02-19T17:04:52,BITTREX,BTC-COMP,0.00867321,3.39351391,385.81113069,0,0.00857487,0.00861689,0
2021-02-19T17:04:52,BITTREX,ETH-COMP,0.23985818,166.85396067,695.10837499,0,0.23942826,0.24179716,0
2021-02-19T17:04:52,BITTREX,ETH-WBTC,27.21842243,1.63661642,0.06086199,0,27.71406007,27.97793585,0
2021-02-19T17:04:52,BITTREX,USD-DOGE,0.0547,4966397.99738252,85650099.5762024,0,0.0547,0.05489,0
2021-02-19T17:04:52,BITTREX,BTC-UQC,0.00013849,1.32018722,9463.33018096,0,0.00013497,0.00013766,0
2021-02-19T17:04:52,BITTREX,USD-XLM,0.5064745,1461693.25358043,2915144.93081592,0,0.50653831,0.50733986,0
2021-02-19T17:04:52,BITTREX,ETH-CRO,0.00006882,1054.92959251,16299162.324065,0,0.00006839,0.00006906,0
2021-02-19T17:04:52,BITTREX,BTC-SKM,0.0000001,0.42166129,2884739.6117702,0,0.00000011,0.00000014,0
2021-02-19T17:04:52,BITTREX,EUR-CRO,0.10946,1400105.96268804,13584399.6328626,0,0.10944,0.11199,0
2021-02-19T17:04:52,BITTREX,USD-CRO,0.1334,2050158.42252997,16436089.1858693,0,0.13298,0.13462,0
2021-02-19T17:04:52,BITTREX,BTC-SUKU,0.00000407,0.24054099,58133.41611375,0,0.00000403,0.00000406,0
2021-02-19T17:04:52,BITTREX,ETH-KSM,0.12000011,10.6952531,89.12709864,0,0.12006006,0.15866521,0
2021-02-19T17:04:52,BITTREX,ETH-DOT,0.01734679,160.50007476,9437.23286306,0,0.01728016,0.01734679,0
2021-02-19T17:04:52,BITTREX,USD-DOT,33.744,518487.7178209,15995.77896699,0,33.626,33.746,0
2021-02-19T17:04:52,BITTREX,BTC-OXEN,0.00002,0.60093447,28956.30639353,0,0.00002021,0.00002051,0
2021-02-19T17:04:52,BITTREX,USDT-GST,1.5016,1180.05559931,666.3143132,0,1.50384,1.63347,0
2021-02-19T17:04:52,BITTREX,USDT-ECELL,0.04648,11632.52947911,255866.16176966,0,0.04567,0.04674,0
2021-02-19T17:04:52,BITTREX,USDT-BWF,0.01408,80650.41868406,5724565.42200876,0,0.01408,0.01415,0
2021-02-19T17:04:52,BITTREX,BTC-UNI,0.00037356,2.81489961,7054.25030495,0,0.0003701,0.00037336,0
2021-02-19T17:04:52,BITTREX,ETH-UNI,0.01037,28.02652757,2618.27167732,0,0.01033,0.01042258,0
2021-02-19T17:04:52,BITTREX,USD-UNI,20.254,60119.9233313,2926.45233566,0,20.077,20.247,0
2021-02-19T17:04:52,BITTREX,USDT-UNI,20.37,89133.3964879,4337.22616925,0,20.09,20.366,0
2021-02-19T17:04:52,BITTREX,USDT-ETHBULL,9331.706,165309.60538582,17.8317557,0,9337.417,9460.113,0
2021-02-19T17:04:52,BITTREX,USDT-BULL,99818.225,6339.11716334,0.06909438,0,100323.242,101633.355,0
2021-02-19T17:04:52,BITTREX,USD-ADABULL,41256.676,8262.1359257,0.21370458,0,40303.734,41262.723,0
2021-02-19T17:04:52,BITTREX,USD-BULL,98560.678,93644.60006985,1.00570759,0,99448.264,101320.88,0
2021-02-19T17:04:52,BITTREX,BTC-FIL,0.00074183,1.46723189,1820.988675,0,0.00074212,0.00077703,0
2021-02-19T17:04:52,BITTREX,BTC-AKN,0.00000903,0.46544991,50280.24415887,0,0.00000884,0.00000903,0
2021-02-19T17:04:52,BITTREX,USDT-LCS,0.06387,55895.81109444,882343.86431472,0,0.06373,0.06387,0
2021-02-19T17:04:52,BITTREX,BTC-SHR,0.00000068,0.60216558,966729.46084546,0,0.00000068,0.00000071,0
2021-02-19T17:04:52,BITTREX,ETH-UMA,0.01360011,0.48954499,34.65390002,0,0.01310676,0.01351356,0
2021-02-19T17:04:52,BITTREX,BTC-AAVE,0.0076832,2.68513005,322.44982177,0,0.00770064,0.00791548,0
2021-02-19T17:04:52,BITTREX,ETH-BAL,0.02212376,1.8040958,78.67619313,0,0.02203096,0.02227885,0
2021-02-19T17:04:52,BITTREX,USD-BAL,43.055,2262.114195,51.63458434,0,42.561,43.327,0
2021-02-19T17:04:52,BITTREX,USDT-BAL,37.841,37.841,1,0,37.948,50.394,0
2021-02-19T17:04:52,BITTREX,BTC-REN,0.00002565,3.55938093,151137.77759471,0,0.00002594,0.00002672,0
2021-02-19T17:04:52,BITTREX,ETH-REN,0.00074095,23.95978438,37078.67673706,0,0.00073096,0.00075125,0
2021-02-19T17:04:52,BITTREX,EUR-REN,1.16797,20250.96154422,20379.97075279,0,1.168,1.209,0
2021-02-19T17:04:52,BITTREX,USD-REN,1.385,105664.90932145,94430.0161755,0,1.39401,1.455,0
2021-02-19T17:04:52,BITTREX,USDT-REN,1.4,23390.40057243,19182.13638572,0,1.24733,1.45099,0
2021-02-19T17:04:52,BITTREX,BTC-RENBTC,0.99583819,0.00265329,0.00266449,0,0.97269336,1.00176929,0
2021-02-19T17:04:52,BITTREX,ETH-RENBTC,26.72761064,0.02670489,0.00099915,0,27.74239905,27.96328888,0
2021-02-19T17:04:52,BITTREX,EUR-RENBTC,42699.97,71.41313782,0.00167244,0,44408.622,44991.703,0
2021-02-19T17:04:52,BITTREX,USD-KNC,2.21699,4826.22508462,2178.38278399,0,2.15042,2.4535,0
2021-02-19T17:04:52,BITTREX,USD-BAND,20.497,9138.72506909,503.45954919,0,17.378,20.492,0
2021-02-19T17:04:52,BITTREX,USDT-BAND,17.903,30882.90912824,1681.39925776,0,17.565,18.533,0
2021-02-19T17:04:52,BITTREX,ETH-YFL,0.15304109,0,0,0,0.15005026,0.25999994,0
2021-02-19T17:04:52,BITTREX,USDT-YFL,350,737.87739974,2.30949897,0,305.937,379.999,0
2021-02-19T17:04:52,BITTREX,EUR-ADA,0.75908,207162.96446073,272554.85667218,0,0.76073,0.76255,0
2021-02-19T17:04:52,BITTREX,BTC-AMZN,0.0613028,0.2647686,4.29001992,0,0.06097674,0.06146417,0
2021-02-19T17:04:52,BITTREX,BTC-BABA,0.00490631,0.08882965,18.10051026,0,0.00488193,0.00490763,0
2021-02-19T17:04:52,BITTREX,USDT-BABA,264.99902537,4795.89446593,18.09622796,0,265.14037023,265.96449361,0
2021-02-19T17:04:52,BITTREX,BTC-BILI,0.00278315,0.00728738,2.61839625,0,0.0027702,0.00279048,0
2021-02-19T17:04:52,BITTREX,BTC-BNTX,0.00211916,0.00281762,1.32959364,0,0.00211945,0.00213776,0
2021-02-19T17:04:52,BITTREX,USD-BNTX,108.246,0,0,0,115.004,115.91,0
2021-02-19T17:04:52,BITTREX,USD-FB,265.373,102.73508979,0.38467827,0,262.702,263.55,0
2021-02-19T17:04:52,BITTREX,USDT-FB,264,5.89801042,0.02209525,0,262.66310528,263.60393208,0
2021-02-19T17:04:52,BITTREX,BTC-NFLX,0.01039038,0.00216214,0.208091,0,0.00998312,0.01003695,0
2021-02-19T17:04:52,BITTREX,BTC-TSLA,0.01453649,0.10067134,6.75144225,0,0.01451847,0.01460419,0
2021-02-19T17:04:52,BITTREX,USD-TSLA,827,4958.58770769,6.25971979,0,788.698,790.565,0
2021-02-19T17:04:52,BITTREX,USDT-UPXAU,1774,303.7096885,0.17104737,0,1774,1793.1,0
2021-02-19T17:04:52,BITTREX,USDT-ACXT,0.73895,52376.9161231,74998.11467054,0,0.73708,0.74,0
2021-02-19T17:04:52,BITTREX,BTC-TEA,0.000002,0.31148528,141467.71521495,0,0.00000184,0.00000195,0
2021-02-19T17:04:52,BITTREX,USDT-GRT,2.17,39085.90885925,17512.5661952,0,2.17,2.2148,0
2021-02-19T17:04:52,BITTREX,BTC-KOK,0.00001165,0.7497754,53053.05241983,0,0.00000909,0.00001128,0
2021-02-19T17:04:52,BITTREX,USD-LBC,0.18555,59376.55124492,316854.18624401,0,0.18657,0.18993,0
2021-02-19T17:04:52,BITTREX,USDT-AMC,5.52321031,265.09346839,50.27537422,0,5.62813349,5.86051914,0
2021-02-19T17:04:52,BITTREX,USD-AMC,5.678,368.69047379,63.69455572,0,5.629,5.857,0
2021-02-19T17:04:52,BITTREX,BTC-SLV,0.00048583,0,0,0,0.00046897,0.00047175,0
2021-02-19T17:04:52,BITTREX,BTC-MSTR,0.01804285,0,0,0,0.01773531,0.01849552,0
2021-02-19T17:04:52,BITTREX,USD-MSTR,932.388,0,0,0,962.668,999.928,0
2021-02-19T17:04:57,BITTREX,BTC-LTC,0.00427695,80.49441047,18332.59668314,0,0.0042737,0.00427638,0
2021-02-19T17:04:57,BITTREX,BTC-VTC,0.0000146,4.13164701,277704.0009379,0,0.0000146,0.00001476,0
2021-02-19T17:04:57,BITTREX,BTC-GRS,0.00001289,2.95399626,223231.95648173,0,0.0000129,0.00001314,0
2021-02-19T17:04:57,BITTREX,BTC-MONA,0.00004647,1.44490474,30365.36991083,0,0.00004633,0.00004684,0
2021-02-19T17:04:57,BITTREX,BTC-NAV,0.00000929,3.01732755,327958.36890085,0,0.00000929,0.00000948,0
2021-02-19T17:04:57,BITTREX,BTC-XST,0.00000485,2.51648621,556142.15812262,0,0.00000446,0.00000485,0
2021-02-19T17:04:57,BITTREX,BTC-SYS,0.00000321,1.93933688,567855.47164595,0,0.00000321,0.00000325,0
2021-02-19T17:04:57,BITTREX,BTC-SPHR,0.0000096,0.54381747,55547.06460992,0,0.00000902,0.00000947,0
2021-02-19T17:04:57,BITTREX,BTC-ETH,0.03588794,493.66477609,13399.56481039,0,0.03588794,0.03589591,0
2021-02-19T17:04:57,BITTREX,USDT-BTC,54195.83339807,21698403.2973733,414.30083773,0,54168.26727079,54207.01088643,0
2021-02-19T17:04:57,BITTREX,BTC-DCR,0.00248644,7.04574654,2745.0667729,0,0.00245747,0.00248565,0
2021-02-19T17:04:57,BITTREX,BTC-PIVX,0.00001804,1.82087314,109012.87221746,0,0.00001737,0.00001784,0
2021-02-19T17:04:57,BITTREX,BTC-LSK,0.00007176,10.0580057,139977.46956975,0,0.00007099,0.00007157,0
2021-02-19T17:04:57,BITTREX,BTC-WAVES,0.00022723,3.9376785,16296.85482372,0,0.00022842,0.00023008,0
2021-02-19T17:04:57,BITTREX,BTC-ETC,0.00028149,7.31925301,25320.89262173,0,0.00028009,0.00028122,0
2021-02-19T17:04:57,BITTREX,ETH-ETC,0.00785189,41.11324205,5261.46017302,0,0.00776283,0.00784905,0
2021-02-19T17:04:57,BITTREX,BTC-REPV2,0.00061716,0.63184236,972.2521936,0,0.00062345,0.0006365,0
2021-02-19T17:04:57,BITTREX,BTC-ARDR,0.00000373,3.98611506,1082580.16266456,0,0.00000367,0.00000373,0
2021-02-19T17:04:57,BITTREX,BTC-FIRO,0.00011835,1.26382221,9985.80580978,0,0.00011766,0.0001181,0
2021-02-19T17:04:57,BITTREX,BTC-NEO,0.00085752,22.78344001,25909.38554258,0,0.00085752,0.00085851,0
2021-02-19T17:04:57,BITTREX,BTC-UBQ,0.00000931,2.12770705,203744.36624374,0,0.00000931,0.00000972,0
2021-02-19T17:04:57,BITTREX,BTC-KMD,0.00002668,2.07265938,77749.15652221,0,0.00002634,0.00002669,0
2021-02-19T17:04:57,BITTREX,BTC-GBYTE,0.00070062,0.53546987,730.12109596,0,0.00070071,0.00071664,0
2021-02-19T17:04:57,BITTREX,USDT-ETH,1944.01077437,10791441.1869659,5591.40368354,0,1944.52858126,1945.67266008,0
2021-02-19T17:04:57,BITTREX,BTC-GNO,0.00292274,0.60140541,201.3338189,0,0.00292281,0.0030184,0
2021-02-19T17:04:57,BITTREX,ETH-GNO,0.07515953,0.12967369,1.62299379,0,0.07560258,0.08465214,0
2021-02-19T17:04:57,BITTREX,BTC-ANT,0.00011041,0.75342912,6327.23924899,0,0.00011052,0.00011191,0
2021-02-19T17:04:57,BITTREX,ETH-BAT,0.00031425,109.77307111,338970.36799553,0,0.00031889,0.00031954,0
2021-02-19T17:04:57,BITTREX,BTC-ZEN,0.00138724,5.96810288,3968.89089255,0,0.00139153,0.00140418,0
2021-02-19T17:04:57,BITTREX,BTC-MYST,0.00000661,0.18335532,28318.06300984,0,0.00000665,0.0000068,0
2021-02-19T17:04:57,BITTREX,BTC-BNT,0.00010083,7.0394138,63433.95637317,0,0.00010188,0.0001036,0
2021-02-19T17:04:57,BITTREX,ETH-BNT,0.002839,69.42544577,23492.03010699,0,0.00279269,0.00289526,0
2021-02-19T17:04:57,BITTREX,ETH-NMR,0.02119232,1.90546366,85.60622293,0,0.02111162,0.02273164,0
2021-02-19T17:04:57,BITTREX,ETH-LTC,0.11908198,304.96285209,2567.80403531,0,0.11902728,0.11931519,0
2021-02-19T17:04:57,BITTREX,ETH-XRP,0.00028658,119.90163106,426169.37641358,0,0.0002842,0.00028571,0
2021-02-19T17:04:57,BITTREX,BTC-SNT,0.00000198,0.80187257,397608.25182483,0,0.00000199,0.00000203,0
2021-02-19T17:04:57,BITTREX,BTC-MTL,0.00001809,1.09337133,58807.28552774,0,0.0000184,0.000019,0
2021-02-19T17:04:57,BITTREX,BTC-STORJ,0.00001647,0.65183969,41322.7581,0,0.00001561,0.00001653,0
2021-02-19T17:04:57,BITTREX,ETH-ADX,0.0003555,0.70357606,1933.02873005,0,0.00035826,0.00039988,0
2021-02-19T17:04:57,BITTREX,ETH-SC,0.0000066,37.12697533,5515650.33423612,0,0.0000066,0.00000667,0
2021-02-19T17:04:57,BITTREX,USDT-LTC,231.81192755,1412309.25758162,6161.49846781,0,231.51137269,231.74866735,0
2021-02-19T17:04:57,BITTREX,USDT-ETC,15.16970926,240437.7717168,15796.14633266,0,15.16977074,15.27542121,0
2021-02-19T17:04:57,BITTREX,BTC-OMG,0.00012,2.60258815,20926.2066795,0,0.00011949,0.00011999,0
2021-02-19T17:04:57,BITTREX,ETH-CVC,0.0002433,4.10671685,17260.46753948,0,0.00024211,0.00024607,0
2021-02-19T17:04:57,BITTREX,BTC-QTUM,0.00013289,3.03190211,22227.03351578,0,0.00013183,0.0001331,0
2021-02-19T17:04:57,BITTREX,ETH-QTUM,0.00374524,9.79440024,2648.99936679,0,0.00366689,0.00373729,0
2021-02-19T17:04:57,BITTREX,ETH-XEM,0.00024431,118.30205606,495531.98222143,0,0.00024702,0.00024834,0
2021-02-19T17:04:57,BITTREX,ETH-XLM,0.00025995,193.26038802,741996.3033493,0,0.00026041,0.0002608,0
2021-02-19T17:04:57,BITTREX,ETH-NEO,0.02390207,185.34586255,7727.27167867,0,0.02388276,0.02394436,0
2021-02-19T17:04:57,BITTREX,ETH-BCH,0.36318,214.49202901,563.88966441,0,0.36457177,0.36523796,0
2021-02-19T17:04:57,BITTREX,USDT-BCH,708.81454697,918234.71349466,1291.23408139,0,709.05448831,709.98158856,0
2021-02-19T17:04:57,BITTREX,BTC-BCH,0.01309873,17.55206177,1299.50271216,0,0.013085,0.01310056,0
2021-02-19T17:04:57,BITTREX,USDT-NEO,46.5860467,1082892.53949509,23554.89863389,0,46.42545652,46.49999999,0
2021-02-19T17:04:57,BITTREX,ETH-WAVES,0.00634754,18.60018696,2861.11731585,0,0.00635262,0.00644129,0
2021-02-19T17:04:57,BITTREX,ETH-STRAX,0.00080825,13.19241777,15478.17573742,0,0.0008083,0.00081633,0
2021-02-19T17:04:57,BITTREX,ETH-DGB,0.00003734,160.97675381,4137995.43855185,0,0.00003703,0.00003744,0
2021-02-19T17:04:57,BITTREX,ETH-MANA,0.00016162,7.54922608,47770.76777368,0,0.00016268,0.00016459,0
2021-02-19T17:04:57,BITTREX,BTC-VIB,0.00000126,0.4443558,321539.56139681,0,0.00000126,0.0000013,0
2021-02-19T17:04:57,BITTREX,ETH-VIB,0.00003581,5.17842397,146272.31484856,0,0.00003527,0.00003659,0
2021-02-19T17:04:57,BITTREX,ETH-ADA,0.00047561,1116.81131042,2354413.91436304,0,0.00047514,0.00047569,0
2021-02-19T17:04:57,BITTREX,USDT-ADA,0.92501376,3230327.15071195,3529213.43003459,0,0.92404008,0.92515393,0
2021-02-19T17:04:57,BITTREX,ETH-SRN,0.000026,0.24513619,9146.56835969,0,0.00002453,0.0000273,0
2021-02-19T17:04:57,BITTREX,ETH-ZRX,0.00078265,29.0995218,35945.22922893,0,0.0007842,0.00078708,0
2021-02-19T17:04:57,BITTREX,ETH-TRX,0.00003117,280.05387389,9150766.04008812,0,0.00003103,0.00003109,0
2021-02-19T17:04:57,BITTREX,BTC-LRC,0.0000136,0.62601864,43568.13324475,0,0.00001361,0.00001373,0
2021-02-19T17:04:57,BITTREX,ETH-DMT,0.00019251,4.16765281,20246.42898272,0,0.00019312,0.00020498,0
2021-02-19T17:04:57,BITTREX,USDT-TRX,0.06046213,2049539.41522785,34437715.5880688,0,0.06046213,0.06048857,0
2021-02-19T17:04:57,BITTREX,ETH-STMX,0.00000543,7.63052676,1365532.88582832,0,0.00000551,0.00000559,0
2021-02-19T17:04:57,BITTREX,USD-BTC,54197.076,30984063.7626127,591.39983773,0,54190.033,54199.999,0
2021-02-19T17:04:57,BITTREX,USD-ETH,1943.105,14225643.0023252,7378.65849261,0,1944.928,1945.826,0
2021-02-19T17:04:57,BITTREX,USDT-DGB,0.07282589,492628.78612032,6564200.58249887,0,0.07189261,0.07282587,0
2021-02-19T17:04:57,BITTREX,USD-XRP,0.55481,1354839.2723918,2478525.04084191,0,0.55432,0.55527,0
2021-02-19T17:04:57,BITTREX,USD-ETC,15.29013,168664.16391718,11143.46806207,0,15.13162,15.31571,0
2021-02-19T17:04:57,BITTREX,USD-LTC,231.652,2535056.6071186,11099.53240077,0,231.556,231.809,0
2021-02-19T17:04:57,BITTREX,USD-BCH,707.936,1190723.60147399,1685.87123031,0,708.867,710.288,0
2021-02-19T17:04:57,BITTREX,USDT-ZRX,1.53002946,98729.59935511,63158.74916493,0,1.52600628,1.52985953,0
2021-02-19T17:04:57,BITTREX,USDT-BAT,0.6212333,234371.42422553,375445.45255981,0,0.62012028,0.62163913,0
2021-02-19T17:04:57,BITTREX,USDT-RVN,0.1293224,1357702.36057876,12054596.1366208,0,0.1293224,0.13060511,0
2021-02-19T17:04:57,BITTREX,BTC-PAX,0.00001836,0.82069643,43362.40032034,0,0.00001835,0.00001849,0
2021-02-19T17:04:57,BITTREX,BTC-BSV,0.00442453,41.53944746,9038.10742112,0,0.00442688,0.0044538,0
2021-02-19T17:04:57,BITTREX,USDT-BSV,240.26952388,599523.09898325,2468.25736236,0,239.55615976,240.4006,0
2021-02-19T17:04:57,BITTREX,ETH-BSV,0.1222994,55.67416667,444.61823247,0,0.12308295,0.12373673,0
2021-02-19T17:04:57,BITTREX,USD-ZRX,1.52736,318291.11332869,204007.67727438,0,1.52554,1.53099,0
2021-02-19T17:04:57,BITTREX,USD-BAT,0.62177,195589.40835082,313302.71977303,0,0.62047,0.62181,0
2021-02-19T17:04:57,BITTREX,USD-BSV,241.93,864155.20034711,3570.04999148,0,239.069,242.382,0
2021-02-19T17:04:57,BITTREX,USD-DGB,0.07183,820781.02906368,10945612.0577127,0,0.07194,0.07245,0
2021-02-19T17:04:57,BITTREX,USD-ZEN,75.00004,76377.69821233,964.36132491,0,75.01606,76.36098,0
2021-02-19T17:04:57,BITTREX,USDT-BTT,0.00128416,82910.05667137,62293786.0532278,0,0.001284,0.00131322,0
2021-02-19T17:04:57,BITTREX,BTC-FSN,0.00001186,0.63570122,53386.51774759,0,0.00001195,0.00001246,0
2021-02-19T17:04:57,BITTREX,USDT-XLM,0.50722458,933611.05152577,1858810.80502198,0,0.5064042,0.50731762,0
2021-02-19T17:04:57,BITTREX,BTC-ONT,0.00002251,1.35503428,56686.25491179,0,0.00002243,0.00002262,0
2021-02-19T17:04:57,BITTREX,BTC-ATOM,0.00041183,9.83505388,22467.45957509,0,0.0004128,0.00041465,0
2021-02-19T17:04:57,BITTREX,USDT-ATOM,22.3249147,887177.94869679,38866.22100857,0,22.37487379,22.45059648,0
2021-02-19T17:04:57,BITTREX,ETH-ATOM,0.0115,123.01803841,10442.03360423,0,0.011464,0.01155911,0
2021-02-19T17:04:57,BITTREX,BTC-OCEAN,0.00002071,3.41957564,157253.28833504,0,0.00002049,0.00002071,0
2021-02-19T17:04:57,BITTREX,USDT-OCEAN,1.13051603,21918.49171637,19151.20307296,0,1.10054297,1.13269733,0
2021-02-19T17:04:57,BITTREX,BTC-STPT,0.00000083,0.78393325,850961.37621638,0,0.00000084,0.00000086,0
2021-02-19T17:04:57,BITTREX,BTC-MKR,0.0470803,0.74622497,15.17301632,0,0.0466398,0.04703534,0
2021-02-19T17:04:57,BITTREX,BTC-DAI,0.00001852,0.70824486,37427.17117011,0,0.00001829,0.00001852,0
2021-02-19T17:04:57,BITTREX,USDT-DAI,1.0035,118444.45749033,117186.98192477,0,0.99804575,1.00685775,0
2021-02-19T17:04:57,BITTREX,ETH-EOS,0.00262391,89.42097935,33961.7690809,0,0.00261935,0.00262348,0
2021-02-19T17:04:57,BITTREX,USDT-EOS,5.10000001,723174.90567798,142376.52316075,0,5.09500793,5.10190707,0
2021-02-19T17:04:57,BITTREX,BTC-BRZ,0.0000034,0.02062789,5931.14206648,0,0.00000336,0.00000341,0
2021-02-19T17:04:57,BITTREX,BTC-MRPH,0.00004041,5.03800094,124751.20613133,0,0.00004113,0.0000415,0
2021-02-19T17:04:57,BITTREX,USD-HBAR,0.14352356,734583.02967349,5093917.86136631,0,0.142117,0.14313904,0
2021-02-19T17:04:57,BITTREX,USDT-VET,0.0538298,87032.25945589,1607166.02032656,0,0.0527298,0.05377885,0
2021-02-19T17:04:57,BITTREX,USD-DCR,134.83828776,50900.47426271,381.60338425,0,132.8760001,135.99999426,0
2021-02-19T17:04:57,BITTREX,BTC-LINK,0.00063317,29.09238994,45972.94642629,0,0.00063732,0.00063786,0
2021-02-19T17:04:57,BITTREX,USD-EOS,5.10045002,669203.76572827,132723.28041423,0,5.09565808,5.10328021,0
2021-02-19T17:04:57,BITTREX,BTC-XTZ,0.0000899,7.72119677,82723.81749618,0,0.00009053,0.00009074,0
2021-02-19T17:04:57,BITTREX,BTC-CTC,0.00006319,3.05276928,47027.35105708,0,0.0000598,0.0000625,0
2021-02-19T17:04:57,BITTREX,USD-ATOM,22.37214002,559305.1615135,24430.94774799,0,22.38346983,22.47099921,0
2021-02-19T17:04:57,BITTREX,ETH-LINK,0.01763089,139.41723275,8128.80399728,0,0.01766236,0.01779561,0
2021-02-19T17:04:57,BITTREX,USD-LINK,34.48749378,1490184.52218373,44725.2062611,0,34.53975451,34.54549364,0
2021-02-19T17:04:57,BITTREX,USDT-LINK,34.36593184,1581972.3701008,47177.7569696,0,34.53320497,34.58864731,0
2021-02-19T17:04:57,BITTREX,USD-RVN,0.12930995,2641443.37137639,23607783.0184573,0,0.12873292,0.13233656,0
2021-02-19T17:04:57,BITTREX,USDT-MOF,0.22,20994.34225979,99299.19484756,0,0.21317096,0.21791999,0
2021-02-19T17:04:57,BITTREX,USDT-CRO,0.13355103,5125702.14509057,41329704.8432168,0,0.13320081,0.1343527,0
2021-02-19T17:04:57,BITTREX,BTC-SXP,0.000064,9.65999181,152456.82162802,0,0.000063,0.00006411,0
2021-02-19T17:04:57,BITTREX,USDT-IRIS,0.13671,3282.78727062,21790.07615664,0,0.13604,0.164,0
2021-02-19T17:04:57,BITTREX,USDT-BOA,0.17823032,12153.3266871,66370.02986442,0,0.1700011,0.199,0
2021-02-19T17:04:57,BITTREX,EUR-BTC,44615.164,1306164.02764735,29.86828535,0,44601.387,44705.015,0
2021-02-19T17:04:57,BITTREX,EUR-ETH,1602.749,479607.35176388,300.3861512,0,1600.99,1604.442,0
2021-02-19T17:04:57,BITTREX,EUR-BSV,196.525,19717.64980894,98.08030528,0,196.374,197.701,0
2021-02-19T17:04:57,BITTREX,EUR-BCH,580.541,11890.99919096,20.08281461,0,583.1,584.918,0
2021-02-19T17:04:57,BITTREX,EUR-TRX,0.04967,12894.22758564,259984.27614871,0,0.0495,0.05017,0
2021-02-19T17:04:57,BITTREX,ETH-OGN,0.00021014,5.18155739,21695.14230339,0,0.00019117,0.00029577,0
2021-02-19T17:04:57,BITTREX,BTC-OXT,0.00001116,1.38811792,117488.26179821,0,0.00001117,0.00001127,0
2021-02-19T17:04:57,BITTREX,USDT-OXT,0.60692,28277.55746897,46014.93856217,0,0.60645,0.61124,0
2021-02-19T17:04:57,BITTREX,BTC-ICX,0.00004121,7.70706017,180014.813724,0,0.0000412,0.00004196,0
2021-02-19T17:04:57,BITTREX,USDT-UPUSD,1.18799999,930.29353414,816.34780414,0,0.93001195,1.17,0
2021-02-19T17:04:57,BITTREX,USDT-BRZ,0.18,3.93246681,21.84703787,0,0.18,0.18682,0
2021-02-19T17:04:57,BITTREX,BTC-XUC,0.00001899,6.68294565,337927.02130152,0,0.00001887,0.00001931,0
2021-02-19T17:04:57,BITTREX,USDT-XUC,1.03517,322907.85129641,315586.01698861,0,1.01803475,1.04709061,0
2021-02-19T17:04:57,BITTREX,USD-HIVE,0.30528,30062.10314989,97155.96787427,0,0.3043,0.31122,0
2021-02-19T17:04:57,BITTREX,BTC-CNTM,0.00002709,0.04768365,1674.99776898,0,0.00002415,0.00002604,0
2021-02-19T17:04:57,BITTREX,USDT-LBC,0.18903,471917.88335776,2523712.38210049,0,0.18731,0.19,0
2021-02-19T17:04:57,BITTREX,BTC-TNC,0.00000081,0.19753727,236830.26819156,0,0.0000008,0.00000082,0
2021-02-19T17:04:57,BITTREX,USD-ALGO,1.35146,715950.4172376,516610.1502909,0,1.34934,1.35154,0
2021-02-19T17:04:57,BITTREX,USDT-ALGO,1.33592,136120.56759302,98407.67868934,0,1.33418,1.36301,0
2021-02-19T17:04:57,BITTREX,ETH-UBT,0.00077321,657.46687109,753310.14460703,0,0.00076105,0.00077321,0
2021-02-19T17:04:57,BITTREX,BTC-CELO,0.00010319,43.4953551,426496.15560092,0,0.00010294,0.00010321,0
2021-02-19T17:04:57,BITTREX,ETH-CELO,0.00286703,105.1775781,37804.73617583,0,0.00284319,0.00289707,0
2021-02-19T17:04:57,BITTREX,USDT-CNTM,1.50845,3877.2702412,2615.02616653,0,1.32308,1.55906,0
2021-02-19T17:04:57,BITTREX,ETH-MET,0.00139114,0.51937973,365.01783866,0,0.00141187,0.00167293,0
2021-02-19T17:04:57,BITTREX,ETH-TRAC,0.00024476,94.71260914,324362.73237389,0,0.0002431,0.00024476,0
2021-02-19T17:04:57,BITTREX,USDT-BTE,3.795,1031.01018434,253.41699428,0,3.828,4.081,0
2021-02-19T17:04:57,BITTREX,BTC-COMP,0.00867321,3.39351391,385.81113069,0,0.00857558,0.00861342,0
2021-02-19T17:04:57,BITTREX,ETH-COMP,0.23985818,166.85396067,695.10837499,0,0.23942826,0.24179724,0
2021-02-19T17:04:57,BITTREX,USD-COMP,468.328,69233.19621529,150.41977463,0,465.483,467.682,0
2021-02-19T17:04:57,BITTREX,USDT-COMP,467.134,342730.92906477,740.12330767,0,466,466.001,0
2021-02-19T17:04:57,BITTREX,USDT-LUNA,6.23629,265617.81690602,40650.55303964,0,6.24933,6.4967,0
2021-02-19T17:04:57,BITTREX,ETH-WBTC,27.21842243,1.63661642,0.06086199,0,27.71406009,27.97793585,0
2021-02-19T17:04:57,BITTREX,USDT-WBTC,54495.798,8161.19324975,0.15770067,0,49630.414,55000,0
2021-02-19T17:04:57,BITTREX,BTC-UQC,0.00013849,1.32018722,9463.33018096,0,0.00013497,0.00013783,0
2021-02-19T17:04:57,BITTREX,USDT-UQC,7.599,56706.38103638,7824.96814167,0,7.034,7.589,0
2021-02-19T17:04:57,BITTREX,USD-XLM,0.5064745,1461693.25358043,2915144.93081592,0,0.5065238,0.50733985,0
2021-02-19T17:04:57,BITTREX,ETH-CRO,0.00006879,1055.03565968,16300704.222232,0,0.00006839,0.00006897,0
2021-02-19T17:04:57,BITTREX,USDT-SKM,0.00718,1340.41284653,168781.78806656,0,0.00621,0.00974,0
2021-02-19T17:04:57,BITTREX,USD-CRO,0.1334,2050158.42252997,16436089.1858693,0,0.1346,0.13462,0
2021-02-19T17:04:57,BITTREX,BTC-SUKU,0.00000404,0.24311549,58770.66896859,0,0.00000404,0.00000406,0
2021-02-19T17:04:57,BITTREX,ETH-KSM,0.12000011,10.6952531,89.12709864,0,0.12006012,0.15866518,0
2021-02-19T17:04:57,BITTREX,USDT-SUKU,0.22091,2665.19555536,12375.93848934,0,0.2104,0.22458,0
2021-02-19T17:04:57,BITTREX,BTC-DOT,0.00062201,14.20485309,23047.23407043,0,0.00062173,0.00062271,0
2021-02-19T17:04:57,BITTREX,USDT-DOT,33.732,646730.48536166,19739.82934522,0,33.671,33.733,0
2021-02-19T17:04:57,BITTREX,USDT-GST,1.5016,1180.05559931,666.3143132,0,1.50381,1.63347,0
2021-02-19T17:04:57,BITTREX,USDT-BWF,0.01405,80661.27496367,5725337.67407876,0,0.01405,0.01415,0
2021-02-19T17:04:57,BITTREX,BTC-UNI,0.00037356,2.81489961,7054.25030495,0,0.0003701,0.00037331,0
2021-02-19T17:04:57,BITTREX,ETH-UNI,0.01037,28.02652757,2618.27167732,0,0.01033,0.01042259,0
2021-02-19T17:04:57,BITTREX,USDT-UNI,20.37,89133.3964879,4337.22616925,0,20.09,20.361,0
2021-02-19T17:04:57,BITTREX,USDT-ADABULL,44077.725,2177.56224987,0.05407954,0,40078.029,41386.066,0
2021-02-19T17:04:57,BITTREX,USDT-ETHBULL,9331.706,165309.60538582,17.8317557,0,9347.402,9460.113,0
2021-02-19T17:04:57,BITTREX,USDT-BULL,99818.225,6339.11716334,0.06909438,0,100350.571,101469.995,0
2021-02-19T17:04:57,BITTREX,USD-ADABULL,41256.676,8262.1359257,0.21370458,0,40466.438,41325.755,0
2021-02-19T17:04:57,BITTREX,USD-BULL,98560.678,93644.60006985,1.00570759,0,100340.298,101320.878,0
2021-02-19T17:04:57,BITTREX,BTC-FIL,0.00074183,1.46723189,1820.988675,0,0.00074214,0.00077652,0
2021-02-19T17:04:57,BITTREX,USD-FIL,40.503,8743.96496263,204.62355923,0,40.503,43.327,0
2021-02-19T17:04:57,BITTREX,BTC-CUSD,0.00001837,2.44388619,128828.69683278,0,0.00001844,0.00001848,0
2021-02-19T17:04:57,BITTREX,BTC-GLEEC,0.00004148,2.10804746,50957.99209882,0,0.00004084,0.00004147,0
2021-02-19T17:04:57,BITTREX,USDT-LCS,0.06387,55895.81109444,882343.86431472,0,0.06373,0.06435,0
2021-02-19T17:04:57,BITTREX,BTC-SHR,0.00000068,0.60216558,966729.46084546,0,0.00000067,0.00000071,0
2021-02-19T17:04:57,BITTREX,ETH-UMA,0.01360011,0.48954499,34.65390002,0,0.01310667,0.01351356,0
2021-02-19T17:04:57,BITTREX,USD-UMA,26.663,1137.38734773,42.10145908,0,26.001,26.291,0
2021-02-19T17:04:57,BITTREX,BTC-AAVE,0.0076832,2.68513005,322.44982177,0,0.00770081,0.00791548,0
2021-02-19T17:04:57,BITTREX,BTC-BAL,0.00079946,0.24907469,293.18648466,0,0.00078891,0.00079927,0
2021-02-19T17:04:57,BITTREX,ETH-BAL,0.02212376,1.8040958,78.67619313,0,0.02203107,0.02227885,0
2021-02-19T17:04:57,BITTREX,EUR-BAL,37.466,9.5030823,0.2536455,0,35.258,35.83,0
2021-02-19T17:04:57,BITTREX,USD-BAL,43.055,2262.114195,51.63458434,0,42.563,43.327,0
2021-02-19T17:04:57,BITTREX,USDT-BAL,37.841,37.841,1,0,37.948,50.393,0
2021-02-19T17:04:57,BITTREX,BTC-REN,0.00002565,3.55938093,151137.77759471,0,0.00002595,0.00002672,0
2021-02-19T17:04:57,BITTREX,ETH-REN,0.00074095,23.95978438,37078.67673706,0,0.00073232,0.00075125,0
2021-02-19T17:04:57,BITTREX,EUR-REN,1.16797,20250.96154422,20379.97075279,0,1.171,1.207,0
2021-02-19T17:04:57,BITTREX,USD-REN,1.385,105664.90932145,94430.0161755,0,1.39401,1.463,0
2021-02-19T17:04:57,BITTREX,BTC-RENBTC,0.99583819,0.00265329,0.00266449,0,0.97269337,1.00176929,0
2021-02-19T17:04:57,BITTREX,ETH-RENBTC,26.72761064,0.02670489,0.00099915,0,27.74239905,27.94956135,0
2021-02-19T17:04:57,BITTREX,ETH-KNC,0.00117752,1.39874041,1237.0550023,0,0.00112209,0.00120677,0
2021-02-19T17:04:57,BITTREX,USD-KNC,2.21699,4826.22508462,2178.38278399,0,2.15144,2.4535,0
2021-02-19T17:04:57,BITTREX,USD-BAND,20.497,9138.72506909,503.45954919,0,17.379,20.492,0
2021-02-19T17:04:57,BITTREX,BTC-YFL,0.00654447,0.04220895,6.01049588,0,0.00600012,0.00707002,0
2021-02-19T17:04:57,BITTREX,ETH-YFL,0.15304109,0,0,0,0.15005,0.25999994,0
2021-02-19T17:04:57,BITTREX,USDT-YFL,350,737.87739974,2.30949897,0,305.939,379.999,0
2021-02-19T17:04:57,BITTREX,EUR-ADA,0.75908,207162.96446073,272554.85667218,0,0.76073,0.76275,0
2021-02-19T17:04:57,BITTREX,EUR-XLM,0.42546,9475.4523091,22673.33199606,0,0.41459,0.42299,0
2021-02-19T17:04:57,BITTREX,BTC-AAPL,0.00245696,0.04144879,16.60353022,0,0.00239555,0.002408,0
2021-02-19T17:04:57,BITTREX,BTC-AMZN,0.0613028,0.2647686,4.29001992,0,0.06097674,0.06126843,0
2021-02-19T17:04:57,BITTREX,USD-AMZN,3336.36,47.51742698,0.01424497,0,3311.416,3319.62,0
2021-02-19T17:04:57,BITTREX,USD-BILI,148.273,0,0,0,150.49,151.118,0
2021-02-19T17:04:57,BITTREX,BTC-BYND,0.00309726,0.00206798,0.66743922,0,0.0030261,0.00305141,0
2021-02-19T17:04:57,BITTREX,USD-BYND,177.315,0,0,0,164.385,165.34,0
2021-02-19T17:04:57,BITTREX,USDT-FB,264,5.89801042,0.02209525,0,262.72531618,263.73070155,0
2021-02-19T17:04:57,BITTREX,BTC-GOOGL,0.03897608,0.00188321,0.04810658,0,0.03881213,0.03899568,0
2021-02-19T17:04:57,BITTREX,USD-GOOGL,2095.711,0,0,0,2107.181,2112.882,0
2021-02-19T17:04:57,BITTREX,BTC-PFE,0.00067828,0.00204489,3.01481721,0,0.0006354,0.0006384,0
2021-02-19T17:04:57,BITTREX,BTC-SPY,0.0075001,0,0,0,0.00721021,0.00724973,0
2021-02-19T17:04:57,BITTREX,BTC-TSLA,0.01453649,0.10067134,6.75144225,0,0.01451847,0.01458975,0
2021-02-19T17:04:57,BITTREX,USDT-TSLA,808,2406.70721773,3.05749369,0,788.35121607,790.59140985,0
2021-02-19T17:04:57,BITTREX,BTC-TEA,0.000002,0.31148528,141467.71521495,0,0.00000186,0.00000195,0
2021-02-19T17:04:57,BITTREX,USDT-GRT,2.17,39085.90885925,17512.5661952,0,2.17,2.21469,0
2021-02-19T17:04:57,BITTREX,USDT-GOLD,0.04135,317925.72395421,7521878.11147347,0,0.04139,0.04156,0
2021-02-19T17:04:57,BITTREX,BTC-AMC,0.00010714,0.00895717,82.96379865,0,0.00010332,0.0001081,0
2021-02-19T17:04:57,BITTREX,USDT-AMC,5.52321031,265.09346839,50.27537422,0,5.62813349,5.86051913,0
2021-02-19T17:04:57,BITTREX,USDT-GME,43.25335909,1398.97935093,31.04972507,0,45.48916695,47.33908053,0
2021-02-19T17:04:57,BITTREX,BTC-NOK,0.00008072,0.00927481,114.90104405,0,0.00007434,0.0000758,0
2021-02-19T17:04:57,BITTREX,BTC-MSTR,0.01804285,0,0,0,0.01773534,0.01849552,0
2021-02-19T17:05:02,BITTREX,BTC-LTC,0.00427695,80.48970797,18331.51898161,0,0.00427365,0.00427741,0
2021-02-19T17:05:02,BITTREX,BTC-DOGE,0.00000102,186.92207587,168328996.921296,0,0.00000101,0.00000102,0
2021-02-19T17:05:02,BITTREX,BTC-VTC,0.0000146,4.1214871,277035.05921609,0,0.0000146,0.00001475,0
2021-02-19T17:05:02,BITTREX,BTC-RDD,0.0000001,17.14271704,156114240.407681,0,0.0000001,0.00000011,0
2021-02-19T17:05:02,BITTREX,BTC-GRS,0.00001289,2.95399626,223231.95648173,0,0.00001291,0.00001314,0
2021-02-19T17:05:02,BITTREX,BTC-XWC,0.00001637,1.50048104,87632.51857075,0,0.00001636,0.00001638,0
2021-02-19T17:05:02,BITTREX,BTC-MONA,0.00004647,1.44490474,30365.36991083,0,0.00004633,0.00004685,0
2021-02-19T17:05:02,BITTREX,BTC-XST,0.00000485,2.51412395,555445.32417829,0,0.00000446,0.00000485,0
2021-02-19T17:05:02,BITTREX,BTC-SYS,0.00000325,1.94148052,568515.05594895,0,0.00000321,0.00000325,0
2021-02-19T17:05:02,BITTREX,BTC-DGB,0.00000136,49.4354821,34463834.1688052,0,0.00000133,0.00000134,0
2021-02-19T17:05:02,BITTREX,BTC-XRP,0.00001026,74.25707118,7116100.31796186,0,0.00001023,0.00001025,0
2021-02-19T17:05:02,BITTREX,BTC-NXS,0.0000169,4.09675811,254177.25090326,0,0.0000169,0.00001698,0
2021-02-19T17:05:02,BITTREX,BTC-GEO,0.00000877,0.22563735,24432.36705313,0,0.00000852,0.00000876,0
2021-02-19T17:05:02,BITTREX,BTC-XEM,0.00000888,37.49654524,4282405.96417974,0,0.00000888,0.00000891,0
2021-02-19T17:05:02,BITTREX,BTC-ETH,0.03589974,493.23046648,13387.84857045,0,0.03589974,0.03591473,0
2021-02-19T17:05:02,BITTREX,BTC-EXP,0.00000351,3.22782322,956809.92119376,0,0.0000035,0.0000036,0
2021-02-19T17:05:02,BITTREX,BTC-XLM,0.00000936,28.2627428,2939273.19117827,0,0.00000934,0.00000937,0
2021-02-19T17:05:02,BITTREX,USDT-BTC,54195.83339807,21692815.676729,414.19322471,0,54155.28361376,54176.69164547,0
2021-02-19T17:05:02,BITTREX,BTC-DCR,0.00248644,7.04574654,2745.0667729,0,0.00245822,0.0024849,0
2021-02-19T17:05:02,BITTREX,BTC-PIVX,0.00001804,1.79749365,107597.5237512,0,0.00001737,0.00001784,0
2021-02-19T17:05:02,BITTREX,BTC-STEEM,0.00000912,7.00822897,753818.88750466,0,0.00000903,0.00000911,0
2021-02-19T17:05:02,BITTREX,BTC-LSK,0.00007176,10.04901141,139850.43154055,0,0.00007099,0.00007152,0
2021-02-19T17:05:02,BITTREX,BTC-WAVES,0.00022723,3.9376785,16296.85482372,0,0.00022846,0.00023036,0
2021-02-19T17:05:02,BITTREX,BTC-ETC,0.00028149,7.31925301,25320.89262173,0,0.00027951,0.00028111,0
2021-02-19T17:05:02,BITTREX,ETH-ETC,0.00785189,41.11324205,5261.46017302,0,0.00776303,0.00784163,0
2021-02-19T17:05:02,BITTREX,BTC-STRAX,0.00002939,2.58426829,81897.18941508,0,0.00002911,0.00002939,0
2021-02-19T17:05:02,BITTREX,BTC-REPV2,0.00061716,0.63184236,972.2521936,0,0.00062348,0.00063648,0
2021-02-19T17:05:02,BITTREX,BTC-NEO,0.00085752,22.78344001,25909.38554258,0,0.00085752,0.0008591,0
2021-02-19T17:05:02,BITTREX,BTC-UBQ,0.00000931,2.12770705,203744.36624374,0,0.00000932,0.00000972,0
2021-02-19T17:05:02,BITTREX,BTC-KMD,0.00002668,2.07206182,77726.06652221,0,0.00002635,0.00002669,0
2021-02-19T17:05:02,BITTREX,BTC-ARK,0.0000205,8.20791125,389794.75829986,0,0.00002049,0.00002055,0
2021-02-19T17:05:02,BITTREX,BTC-GBYTE,0.00070062,0.53546987,730.12109596,0,0.00070071,0.00071663,0
2021-02-19T17:05:02,BITTREX,USDT-ETH,1944.01077437,10779031.4615558,5584.93312312,0,1944.4784165,1945.67266008,0
2021-02-19T17:05:02,BITTREX,BTC-GNO,0.00292274,0.60140541,201.3338189,0,0.00292281,0.00301838,0
2021-02-19T17:05:02,BITTREX,ETH-GNO,0.07515953,0.12967369,1.62299379,0,0.07560261,0.08465212,0
2021-02-19T17:05:02,BITTREX,BTC-ANT,0.00011041,0.75342912,6327.23924899,0,0.00011058,0.00011186,0
2021-02-19T17:05:02,BITTREX,BTC-SC,0.00000024,5.95139794,23990161.1482482,0,0.00000023,0.00000024,0
2021-02-19T17:05:02,BITTREX,ETH-BAT,0.00031425,109.77307111,338970.36799553,0,0.00031896,0.00031949,0
2021-02-19T17:05:02,BITTREX,BTC-ZEN,0.00138724,5.96810288,3968.89089255,0,0.00139254,0.00140418,0
2021-02-19T17:05:02,BITTREX,BTC-BNT,0.00010083,7.0394138,63433.95637317,0,0.00010196,0.00010358,0
2021-02-19T17:05:02,BITTREX,ETH-BNT,0.002839,69.42544577,23492.03010699,0,0.00279272,0.00289521,0
2021-02-19T17:05:02,BITTREX,ETH-NMR,0.02119232,1.90546366,85.60622293,0,0.02111163,0.02273162,0
2021-02-19T17:05:02,BITTREX,ETH-LTC,0.11908198,304.96285209,2567.80403531,0,0.11894537,0.11920403,0
2021-02-19T17:05:02,BITTREX,ETH-XRP,0.00028658,119.8401798,425948.37641358,0,0.00028422,0.00028571,0
2021-02-19T17:05:02,BITTREX,BTC-SNT,0.00000198,0.80187257,397608.25182483,0,0.000002,0.00000203,0
2021-02-19T17:05:02,BITTREX,ETH-SNT,0.00005733,3.34707249,61171.42598261,0,0.00005579,0.00005665,0
2021-02-19T17:05:02,BITTREX,BTC-MTL,0.00001809,1.09337133,58807.28552774,0,0.00001842,0.000019,0
2021-02-19T17:05:02,BITTREX,BTC-ADX,0.00001342,0.31643593,22557.29563749,0,0.00001332,0.00001342,0
2021-02-19T17:05:02,BITTREX,ETH-ADX,0.0003555,0.70357606,1933.02873005,0,0.00035835,0.00039988,0
2021-02-19T17:05:02,BITTREX,ETH-SC,0.0000066,36.53762095,5428596.50726562,0,0.0000066,0.00000667,0
2021-02-19T17:05:02,BITTREX,USDT-LTC,231.81192755,1412309.25758162,6161.49846781,0,231.49698979,231.70047348,0
2021-02-19T17:05:02,BITTREX,USDT-XRP,0.55661163,2018880.66459697,3698360.01779169,0,0.55418469,0.55525723,0
2021-02-19T17:05:02,BITTREX,BTC-OMG,0.00012,2.60258815,20926.2066795,0,0.00011951,0.00011999,0
2021-02-19T17:05:02,BITTREX,BTC-CVC,0.00000865,1.62592833,186522.01120389,0,0.00000864,0.00000877,0
2021-02-19T17:05:02,BITTREX,ETH-CVC,0.0002433,4.10671685,17260.46753948,0,0.00024211,0.00024605,0
2021-02-19T17:05:02,BITTREX,BTC-QTUM,0.00013289,3.03190211,22227.03351578,0,0.00013186,0.00013309,0
2021-02-19T17:05:02,BITTREX,ETH-QTUM,0.00374524,9.79440024,2648.99936679,0,0.00366694,0.00373726,0
2021-02-19T17:05:02,BITTREX,ETH-XEM,0.00024431,118.10111316,494617.98222143,0,0.00024702,0.00024846,0
2021-02-19T17:05:02,BITTREX,ETH-XLM,0.00025995,193.26038802,741996.3033493,0,0.00026046,0.00026089,0
2021-02-19T17:05:02,BITTREX,ETH-NEO,0.02390207,185.33844204,7726.95167867,0,0.02388276,0.02394434,0
2021-02-19T17:05:02,BITTREX,ETH-BCH,0.36318,214.49202901,563.88966441,0,0.36457177,0.36522575,0
2021-02-19T17:05:02,BITTREX,USDT-BCH,708.81454697,918234.71349466,1291.23408139,0,709.05448831,710.30089622,0
2021-02-19T17:05:02,BITTREX,BTC-BCH,0.01309873,17.55206177,1299.50271216,0,0.01308501,0.01310056,0
2021-02-19T17:05:02,BITTREX,USDT-NEO,46.5860467,1082892.53949509,23554.89863389,0,46.42959034,46.5,0
2021-02-19T17:05:02,BITTREX,ETH-WAVES,0.00634754,18.60018696,2861.11731585,0,0.00635262,0.00644125,0
2021-02-19T17:05:02,BITTREX,ETH-STRAX,0.00080825,12.43055463,14593.93241842,0,0.00080832,0.00081633,0
2021-02-19T17:05:02,BITTREX,USDT-OMG,6.52328511,77086.69559106,11842.50705425,0,6.49166398,6.53472069,0
2021-02-19T17:05:02,BITTREX,BTC-ADA,0.00001707,169.93224727,9677996.82271561,0,0.00001706,0.00001707,0
2021-02-19T17:05:02,BITTREX,ETH-MANA,0.00016162,7.54922608,47770.76777368,0,0.0001626,0.00016459,0
2021-02-19T17:05:02,BITTREX,ETH-VIB,0.00003581,5.17842397,146272.31484856,0,0.00003529,0.00003658,0
2021-02-19T17:05:02,BITTREX,ETH-ADA,0.00047561,1116.81131042,2354413.91436304,0,0.00047514,0.00047563,0
2021-02-19T17:05:02,BITTREX,USDT-ADA,0.92501376,3227010.9838209,3525596.45777303,0,0.92404011,0.92515393,0
2021-02-19T17:05:02,BITTREX,BTC-SRN,0.00000092,3.85914053,3902706.28796888,0,0.00000092,0.00000096,0
2021-02-19T17:05:02,BITTREX,ETH-SRN,0.000026,0.24513619,9146.56835969,0,0.00002458,0.0000273,0
2021-02-19T17:05:02,BITTREX,BTC-ZRX,0.00002822,8.64220077,288925.06285451,0,0.00002817,0.00002824,0
2021-02-19T17:05:02,BITTREX,ETH-ZRX,0.00078265,29.0995218,35945.22922893,0,0.0007842,0.00078656,0
2021-02-19T17:05:02,BITTREX,BTC-TRX,0.00000111,52.67518108,46286710.4197312,0,0.00000111,0.00000112,0
2021-02-19T17:05:02,BITTREX,BTC-TUSD,0.00001847,54.92846613,2895071.95128797,0,0.00001843,0.00001847,0
2021-02-19T17:05:02,BITTREX,BTC-LRC,0.0000136,0.62601864,43568.13324475,0,0.0000136,0.00001371,0
2021-02-19T17:05:02,BITTREX,USDT-TRX,0.06046213,2049539.41522785,34437715.5880688,0,0.06046213,0.06047734,0
2021-02-19T17:05:02,BITTREX,ETH-STMX,0.00000543,7.63052676,1365532.88582832,0,0.0000055,0.0000056,0
2021-02-19T17:05:02,BITTREX,USD-BTC,54197.077,30977165.59832,591.2664143,0,54181.266,54197.077,0
2021-02-19T17:05:02,BITTREX,USD-USDT,1.00044,7200921.03309542,7202139.95471647,0,1.00015,1.00044,0
2021-02-19T17:05:02,BITTREX,USD-ETH,1943.105,14205936.7671686,7368.36936202,0,1945,1945.826,0
2021-02-19T17:05:02,BITTREX,USDT-DGB,0.07282589,492378.78612032,6560949.41695602,0,0.07200302,0.07282587,0
2021-02-19T17:05:02,BITTREX,BTC-RVN,0.00000238,121.33954824,56071906.8803365,0,0.00000238,0.0000024,0
2021-02-19T17:05:02,BITTREX,USD-XRP,0.55481,1354428.8657171,2477754.88617742,0,0.55432,0.55527,0
2021-02-19T17:05:02,BITTREX,USD-ETC,15.29013,168664.16391718,11143.46806207,0,15.13162,15.31567,0
2021-02-19T17:05:02,BITTREX,BTC-GO,0.00000045,0.07809521,170240.82876688,0,0.00000044,0.00000045,0
2021-02-19T17:05:02,BITTREX,BTC-UPP,0.00000133,0.08366085,65722.02397575,0,0.00000121,0.00000127,0
2021-02-19T17:05:02,BITTREX,USD-ADA,0.92538,5125445.79477,5600430.59046866,0,0.92434,0.92539,0
2021-02-19T17:05:02,BITTREX,USDT-DOGE,0.0548384,3481166.12707974,60409257.9707781,0,0.05470228,0.05482766,0
2021-02-19T17:05:02,BITTREX,USD-LTC,231.652,2534539.50775414,11097.24934089,0,231.528,231.77,0
2021-02-19T17:05:02,BITTREX,USD-TRX,0.06053,1954503.40274436,33273622.8335087,0,0.06042,0.06049,0
2021-02-19T17:05:02,BITTREX,USD-BCH,707.936,1190723.60147399,1685.87123031,0,708.915,710.289,0
2021-02-19T17:05:02,BITTREX,USDT-ZRX,1.53002946,98729.59935511,63158.74916493,0,1.52600628,1.52977388,0
2021-02-19T17:05:02,BITTREX,USDT-BAT,0.6212333,234371.42422553,375445.45255981,0,0.62017742,0.62125659,0
2021-02-19T17:05:02,BITTREX,USDT-RVN,0.1293224,1357702.36057876,12054596.1366208,0,0.1293224,0.12995628,0
2021-02-19T17:05:02,BITTREX,BTC-BSV,0.00442453,41.53944746,9038.10742112,0,0.00442754,0.0044538,0
2021-02-19T17:05:02,BITTREX,ETH-BSV,0.1222994,55.67416667,444.61823247,0,0.12312478,0.12373673,0
2021-02-19T17:05:02,BITTREX,BTC-SOLVE,0.0000037,10.2266547,2649483.51115913,0,0.0000037,0.00000374,0
2021-02-19T17:05:02,BITTREX,BTC-USDS,0.00001821,0.27993714,15007.22843249,0,0.00001798,0.00002039,0
2021-02-19T17:05:02,BITTREX,USDT-NPXS,0.00128034,49825.80950169,38503540.9408983,0,0.00127404,0.0013335,0
2021-02-19T17:05:02,BITTREX,USD-ZRX,1.52736,318291.11332869,204007.67727438,0,1.52554,1.53024,0
2021-02-19T17:05:02,BITTREX,USD-BAT,0.62177,195589.40835082,313302.71977303,0,0.6205,0.62179,0
2021-02-19T17:05:02,BITTREX,USD-BSV,241.93,864155.20034711,3570.04999148,0,239.08,242.373,0
2021-02-19T17:05:02,BITTREX,BTC-QNT,0.0007845,22.49620183,26226.26246183,0,0.00078104,0.0007845,0
2021-02-19T17:05:02,BITTREX,USD-ZEN,75.00004,76377.69821233,964.36132491,0,75.01908,76.36098,0
2021-02-19T17:05:02,BITTREX,USDT-BTT,0.00128416,82910.05667137,62293786.0532278,0,0.001284,0.00131324,0
2021-02-19T17:05:02,BITTREX,USDT-XLM,0.50722458,933611.05152577,1858810.80502198,0,0.50658854,0.50731762,0
2021-02-19T17:05:02,BITTREX,BTC-TRAC,0.00000896,2.11890735,203437.54157628,0,0.00000896,0.00000897,0
2021-02-19T17:05:02,BITTREX,BTC-CRO,0.00000247,138.80707412,57354897.725728,0,0.00000247,0.00000248,0
2021-02-19T17:05:02,BITTREX,BTC-ONT,0.00002251,1.35503428,56686.25491179,0,0.00002245,0.00002262,0
2021-02-19T17:05:02,BITTREX,BTC-ATOM,0.00041183,9.83505388,22467.45957509,0,0.00041305,0.00041449,0
2021-02-19T17:05:02,BITTREX,USDT-ATOM,22.3249147,887115.76062315,38863.50100857,0,22.37649732,22.45059648,0
2021-02-19T17:05:02,BITTREX,ETH-ATOM,0.0115,122.99073712,10439.74188375,0,0.01146414,0.0115261,0
2021-02-19T17:05:02,BITTREX,ETH-VDX,0.00000071,0.00533212,6157.43640625,0,0.00000071,0.00000093,0
2021-02-19T17:05:02,BITTREX,BTC-MKR,0.0470803,0.74622497,15.17301632,0,0.04663984,0.04704476,0
2021-02-19T17:05:02,BITTREX,BTC-DAI,0.00001852,0.70824486,37427.17117011,0,0.00001829,0.0000185,0
2021-02-19T17:05:02,BITTREX,USDT-DAI,1.0035,118444.45749033,117186.98192477,0,0.99804581,1.00685775,0
2021-02-19T17:05:02,BITTREX,BTC-EOS,0.00009423,12.99799362,133879.18420179,0,0.00009398,0.00009413,0
2021-02-19T17:05:02,BITTREX,ETH-EOS,0.00262391,89.41937346,33961.13391708,0,0.00261935,0.00262347,0
2021-02-19T17:05:02,BITTREX,USDT-EOS,5.10000001,723174.90567798,142376.52316075,0,5.09500795,5.10261999,0
2021-02-19T17:05:02,BITTREX,BTC-DUSK,0.00000431,2.16853285,427599.19444804,0,0.00000427,0.0000043,0
2021-02-19T17:05:02,BITTREX,BTC-AKRO,0.00000092,0.64779994,735830.82279778,0,0.00000089,0.00000092,0
2021-02-19T17:05:02,BITTREX,BTC-HEDG,0.00002581,0.50433232,18591.84766772,0,0.00002475,0.00002577,0
2021-02-19T17:05:02,BITTREX,USD-HBAR,0.14352356,733748.17045439,5088200.11135736,0,0.14211704,0.143139,0
2021-02-19T17:05:02,BITTREX,USDT-HBAR,0.14326662,347034.49598498,2402845.7535831,0,0.14267007,0.14308125,0
2021-02-19T17:05:02,BITTREX,USDT-VET,0.05376884,87051.20091203,1607518.29603398,0,0.0527298,0.05376883,0
2021-02-19T17:05:02,BITTREX,USD-DCR,134.83828776,50900.47426271,381.60338425,0,132.87600009,135.99999417,0
2021-02-19T17:05:02,BITTREX,BTC-LINK,0.00063317,29.00536814,45833.15429433,0,0.00063748,0.00063785,0
2021-02-19T17:05:02,BITTREX,USD-EOS,5.10045002,669203.76572827,132723.28041423,0,5.09565808,5.10328024,0
2021-02-19T17:05:02,BITTREX,BTC-XTZ,0.0000899,7.72119677,82723.81749618,0,0.00009068,0.00009094,0
2021-02-19T17:05:02,BITTREX,ETH-XTZ,0.00250929,30.19988928,11934.47604079,0,0.00251604,0.00253449,0
2021-02-19T17:05:02,BITTREX,USD-XTZ,4.90000001,355934.44729977,73456.26593933,0,4.90668286,4.93271117,0
2021-02-19T17:05:02,BITTREX,USDT-XTZ,4.87209644,327748.63638378,67318.01414893,0,4.91465031,4.92774942,0
2021-02-19T17:05:02,BITTREX,BTC-CTC,0.00006319,3.05276928,47027.35105708,0,0.00005883,0.00006248,0
2021-02-19T17:05:02,BITTREX,USD-ATOM,22.37214002,558292.28498037,24386.63862891,0,22.37914317,22.47099907,0
2021-02-19T17:05:02,BITTREX,BTC-IOTA,0.00002768,17.03095572,587478.19669193,0,0.00002739,0.00002766,0
2021-02-19T17:05:02,BITTREX,ETH-LINK,0.01763089,139.10720484,8110.42299728,0,0.01766244,0.01778311,0
2021-02-19T17:05:02,BITTREX,USD-LINK,34.48749378,1487104.43584385,44629.80589318,0,34.53975451,34.54549363,0
2021-02-19T17:05:02,BITTREX,USDT-LINK,34.36593184,1581037.15264695,47148.83458581,0,34.52286782,34.57917323,0
2021-02-19T17:05:02,BITTREX,USD-RVN,0.12930995,2641443.37137639,23607783.0184573,0,0.12873295,0.13011067,0
2021-02-19T17:05:02,BITTREX,USDT-MOF,0.22,20994.34225979,99299.19484756,0,0.21317097,0.21791999,0
2021-02-19T17:05:02,BITTREX,USDT-WAXP,0.08557629,163890.4338717,1968928.97505313,0,0.08544812,0.08583254,0
2021-02-19T17:05:02,BITTREX,USDT-CRO,0.13355103,5123886.95944134,41314495.2371549,0,0.1332009,0.13435248,0
2021-02-19T17:05:02,BITTREX,BTC-SXP,0.000064,9.6204628,151720.85044687,0,0.000063,0.00006461,0
2021-02-19T17:05:02,BITTREX,USDT-BOA,0.17823032,12146.23624266,66334.02986442,0,0.1700011,0.199,0
2021-02-19T17:05:02,BITTREX,EUR-BTC,44615.164,1306164.02764735,29.86828535,0,44596.286,44690.203,0
2021-02-19T17:05:02,BITTREX,EUR-ETH,1602.749,479225.8534937,300.1457807,0,1601,1604.442,0
2021-02-19T17:05:02,BITTREX,EUR-USDT,0.825,294358.70946784,355767.40581815,0,0.824,0.825,0
2021-02-19T17:05:02,BITTREX,EUR-BSV,196.525,19717.64980894,98.08030528,0,196.507,197.701,0
2021-02-19T17:05:02,BITTREX,EUR-BCH,580.541,11890.99919096,20.08281461,0,583.101,584.918,0
2021-02-19T17:05:02,BITTREX,EUR-TRX,0.04967,12894.22758564,259984.27614871,0,0.04953,0.05014,0
2021-02-19T17:05:02,BITTREX,ETH-OGN,0.00021014,5.18155739,21695.14230339,0,0.00019117,0.00029574,0
2021-02-19T17:05:02,BITTREX,BTC-ALGO,0.00002469,8.36293902,317516.20228061,0,0.00002488,0.00002495,0
2021-02-19T17:05:02,BITTREX,BTC-OXT,0.00001116,1.38811792,117488.26179821,0,0.00001119,0.00001133,0
2021-02-19T17:05:02,BITTREX,USDT-OXT,0.60692,28277.55746897,46014.93856217,0,0.60645,0.61214,0
2021-02-19T17:05:02,BITTREX,BTC-ICX,0.00004121,7.70428181,179936.813724,0,0.00004122,0.00004196,0
2021-02-19T17:05:02,BITTREX,BTC-XUC,0.00001899,6.68294565,337927.02130152,0,0.00001892,0.00001931,0
2021-02-19T17:05:02,BITTREX,USDT-XUC,1.03517,322907.85129641,315586.01698861,0,1.01803481,1.04709061,0
2021-02-19T17:05:02,BITTREX,USD-HIVE,0.30528,30062.10314989,97155.96787427,0,0.3043,0.31119,0
2021-02-19T17:05:02,BITTREX,USDT-HIVE,0.30653,81393.81885738,257337.06030737,0,0.30648,0.3081,0
2021-02-19T17:05:02,BITTREX,ETH-ENJ,0.00029569,23.6858548,79190.97774511,0,0.0002946,0.00029718,0
2021-02-19T17:05:02,BITTREX,BTC-CNTM,0.00002709,0.04768365,1674.99776898,0,0.00002416,0.00002604,0
2021-02-19T17:05:02,BITTREX,USDT-LBC,0.18903,471917.88335776,2523712.38210049,0,0.18732,0.19,0
2021-02-19T17:05:02,BITTREX,BTC-TNC,0.00000082,0.20009567,239950.26819156,0,0.0000008,0.00000083,0
2021-02-19T17:05:02,BITTREX,USDT-ALGO,1.33592,136120.56759302,98407.67868934,0,1.33423,1.36301,0
2021-02-19T17:05:02,BITTREX,BTC-UBT,0.00002767,50.42028702,1728311.40728674,0,0.00002767,0.00002788,0
2021-02-19T17:05:02,BITTREX,ETH-UBT,0.00077321,657.2428551,753010.14460703,0,0.00076107,0.00077321,0
