Time,Exchange,Symbol,LastPrice,BaseVolume,QuoteVolume,BidQty,BidPrice,AskPrice,AskQty
2021-02-19T17:04:41,BITFINEX,tBTCUSD,54214,8560.96347277,0,22.65327705,54197,54214,21.73506683
2021-02-19T17:04:41,BITFINEX,tLTCUSD,231.93,94801.27584211,0,1763.16254767,231.56,231.77,1753.05779065
2021-02-19T17:04:41,BITFINEX,tLTCBTC,0.0042781,8558.41460873,0,823.31776199,0.0042699,0.0042815,1297.17398807
2021-02-19T17:04:42,BITFINEX,tETHUSD,1944.3,119498.43691255,0,974.59945817,1944,1944.1,276.36955192
2021-02-19T17:04:42,BITFINEX,tETHBTC,0.035914,37511.06846276,0,208.79072189,0.035892,0.035912,243.51933767
2021-02-19T17:04:42,BITFINEX,tETCBTC,0.00028061,11807.2675234,0,36103.41303708,0.00028017,0.00028105,52714.36494127
2021-02-19T17:04:42,BITFINEX,tLTCUSD,231.78,94921.75800087,0,2496.47305507,231.72,231.89,2591.07135657
2021-02-19T17:04:42,BITFINEX,tBTCUSD,54199,8561.12743736,0,22.22887731,54196,54207,13.14111787
2021-02-19T17:04:42,BITFINEX,tLTCBTC,0.0042781,8558.41460873,0,1063.93557582,0.004271,0.0042807,744.85055393
2021-02-19T17:04:42,BITFINEX,tETHBTC,0.035913,37511.2018712,0,191.29470388,0.035891,0.035896,281.33222548
2021-02-19T17:04:42,BITFINEX,tETHUSD,1944.7,119498.43691255,0,815.19301378,1943.8,1944.4,383.31121664
2021-02-19T17:04:42,BITFINEX,tETCBTC,0.00028061,11807.2675234,0,39161.61975093,0.00028,0.000281,51324.27025486
2021-02-19T17:04:42,BITFINEX,tETCUSD,15.175,92520.02834867,0,41401.872628,15.175,15.23,60474.45099301
2021-02-19T17:04:43,BITFINEX,tRRTUSD,0.041903,75088.06844913,0,59034.43846297,0.040543,0.042,25985.7786678
2021-02-19T17:04:43,BITFINEX,tZECUSD,174.6,27003.22937561,0,3583.11493774,175.06,175.26,5209.02728901
2021-02-19T17:04:43,BITFINEX,tZECBTC,0.003233,9628.30101021,0,308.9093297,0.0032315,0.0032367,312.02350372
2021-02-19T17:04:44,BITFINEX,tXMRUSD,267.6,18784.39030885,0,4556.65596669,268.22,268.55,4245.79001242
2021-02-19T17:04:44,BITFINEX,tXMRBTC,0.0049456,10179.16638659,0,1561.0299558,0.0049529,0.0049643,4231.65269913
2021-02-19T17:04:45,BITFINEX,tDSHUSD,312.45,58069.05983761,0,4031.77176551,312.44,312.45,3758.53181205
2021-02-19T17:04:45,BITFINEX,tDSHBTC,0.0057695,10421.8160389,0,2953.89300019,0.0057625,0.0057767,2121.13877519
2021-02-19T17:04:45,BITFINEX,tBTCEUR,44560,683.56612996,0,23.16639128,44650,44658,13.72543396
2021-02-19T17:04:45,BITFINEX,tBTCJPY,5710600,260.98185204,0,22.11020754,5721500,5722500,13.18439235
2021-02-19T17:04:46,BITFINEX,tXRPUSD,0.55412,54784878.5170406,0,259133.58554489,0.55481,0.555,327258.51098965
2021-02-19T17:04:46,BITFINEX,tXRPBTC,0.00001025,6392297.875344,0,1649425.55097618,0.00001024,0.00001025,1677772.74302541
2021-02-19T17:04:46,BITFINEX,tIOTUSD,1.4868,18394797.1425559,0,407097.69425421,1.485,1.4872,340710.52588264
2021-02-19T17:04:46,BITFINEX,tIOTBTC,0.00002736,2476242.565723,0,33598.77258131,0.00002736,0.00002749,546277.86946343
2021-02-19T17:04:47,BITFINEX,tIOTETH,0.00076207,283598.6525831,0,169253.98281812,0.00076287,0.00076473,231146.62559127
2021-02-19T17:04:48,BITFINEX,tEOSUSD,5.1025,5852527.90660294,0,28625.2937162,5.0955,5.099,46326.97724307
2021-02-19T17:04:48,BITFINEX,tEOSBTC,0.00009423,498232.21844728,0,182140.81664639,0.00009396,0.00009418,152722.01260202
2021-02-19T17:04:48,BITFINEX,tEOSETH,0.0026208,30451.96301282,0,24754.92762696,0.0026218,0.002625,38615.4727251
2021-02-19T17:04:48,BITFINEX,tSANUSD,0.2222,292002.82488512,0,47430.15037031,0.222,0.23203,106806.15993409
2021-02-19T17:04:49,BITFINEX,tSANBTC,0.00000457,10540.75165388,0,1385463.70840067,0.00000406,0.00000491,46928.78804978
2021-02-19T17:04:49,BITFINEX,tSANETH,0.00012299,1908.69303775,0,1286467.00522368,0.00011101,0.000123,113566.26200634
2021-02-19T17:04:49,BITFINEX,tOMGUSD,6.5085,562750.21740321,0,91964.62000433,6.4945,6.5021,94225.16852619
2021-02-19T17:04:49,BITFINEX,tOMGBTC,0.00011933,48918.07079074,0,497.0102043,0.00011986,0.0001201,261.70647982
2021-02-19T17:04:50,BITFINEX,tOMGETH,0.0033405,15595.0867915,0,17995.19122787,0.00334,0.003345,17254.80106171
2021-02-19T17:04:51,BITFINEX,tNEOUSD,46.594,88629.92303413,0,8618.42438467,46.531,46.653,14473.1623379
2021-02-19T17:04:51,BITFINEX,tNEOBTC,0.00085927,20588.40159207,0,10294.89443407,0.00085927,0.00086079,22767.12254441
2021-02-19T17:04:52,BITFINEX,tNEOETH,0.023872,767.12978395,0,1486.95424623,0.02384,0.024083,2649.66858557
2021-02-19T17:04:52,BITFINEX,tETPUSD,0.23121,327037.74572013,0,26544.58647049,0.23002,0.24,33661.50142226
2021-02-19T17:04:53,BITFINEX,tLTCUSD,231.85,94948.28918111,0,3445.32969425,231.64,231.93,1522.01282648
2021-02-19T17:04:53,BITFINEX,tBTCEUR,44560,683.56612996,0,21.07461772,44651,44663,14.60313934
2021-02-19T17:04:53,BITFINEX,tZECBTC,0.003233,9628.30101021,0,317.9593721,0.0032315,0.003237,323.10744192
2021-02-19T17:04:53,BITFINEX,tETPBTC,0.00000458,130229.45300591,0,37480.50894304,0.00000424,0.00000458,17079.85975936
2021-02-19T17:04:53,BITFINEX,tIOTUSD,1.4868,18394797.1425559,0,324819.06886322,1.485,1.4869,276982.93698713
2021-02-19T17:04:53,BITFINEX,tXMRBTC,0.0049456,10179.16638659,0,1451.98933392,0.0049515,0.0049591,3161.57967001
2021-02-19T17:04:53,BITFINEX,tOMGETH,0.0033405,15595.0867915,0,17993.1421221,0.0033397,0.003345,17245.86986829
2021-02-19T17:04:53,BITFINEX,tNEOUSD,46.594,88629.92303413,0,9165.10005422,46.501,46.612,15072.19353832
2021-02-19T17:04:53,BITFINEX,tEOSBTC,0.00009423,498232.21844728,0,181785.96866062,0.00009397,0.00009418,152456.07068992
2021-02-19T17:04:53,BITFINEX,tETPBTC,0.00000458,130229.45300591,0,37204.37224156,0.00000423,0.00000458,17079.85975936
2021-02-19T17:04:53,BITFINEX,tNEOBTC,0.00085927,20589.18294207,0,10360.24402786,0.00085707,0.00085993,22342.32867041
2021-02-19T17:04:53,BITFINEX,tDSHUSD,312.44,58069.10983761,0,2384.70897422,312.44,312.45,3740.12558025
2021-02-19T17:04:53,BITFINEX,tIOTETH,0.00076207,283598.6525831,0,149250.02610567,0.00076276,0.00076654,230936.63259481
2021-02-19T17:04:53,BITFINEX,tBTCUSD,54205,8561.28243736,0,20.99097809,54191,54202,12.52895869
2021-02-19T17:04:53,BITFINEX,tSANUSD,0.2222,292002.82488512,0,47429.18332261,0.222,0.23201,107047.16001431
2021-02-19T17:04:53,BITFINEX,tBTCJPY,5710600,260.98185204,0,22.78802889,5722900,5723300,12.04271532
2021-02-19T17:04:53,BITFINEX,tEOSETH,0.0026208,30451.96301282,0,24764.16768427,0.0026222,0.002625,38609.75232759
2021-02-19T17:04:53,BITFINEX,tETCBTC,0.00028089,11807.68704624,0,36826.0837826,0.00027969,0.00028073,51575.43463442
2021-02-19T17:04:53,BITFINEX,tOMGUSD,6.5085,562750.21740321,0,91880.98612724,6.4945,6.5034,115918.07955444
2021-02-19T17:04:53,BITFINEX,tIOTBTC,0.00002736,2476242.565723,0,21145.85912785,0.00002736,0.00002745,546560.44652606
2021-02-19T17:04:53,BITFINEX,tETCUSD,15.175,92520.02834867,0,46779.03484115,15.175,15.217,60726.29858296
2021-02-19T17:04:53,BITFINEX,tXRPUSD,0.55412,54784878.5170406,0,314192.18159915,0.55483,0.55498,337870.49024199
2021-02-19T17:04:53,BITFINEX,tETHBTC,0.035913,37511.2018712,0,177.9896116,0.035891,0.035902,287.43944315
2021-02-19T17:04:53,BITFINEX,tXMRUSD,268.19,18784.41030885,0,2835.29825949,268.2,268.53,4425.78953718
2021-02-19T17:04:53,BITFINEX,tZECUSD,175.27,27005.66031097,0,3404.35334771,175.27,175.34,5236.77597658
2021-02-19T17:04:53,BITFINEX,tLTCBTC,0.0042781,8558.41460873,0,1578.24601045,0.0042712,0.0042807,1836.32904729
2021-02-19T17:04:53,BITFINEX,tDSHBTC,0.0057695,10421.8160389,0,2124.92464246,0.0057623,0.0057752,2071.15658599
2021-02-19T17:04:53,BITFINEX,tEOSUSD,5.1025,5852527.90660294,0,41842.63832056,5.0965,5.1014,45927.62077547
2021-02-19T17:04:53,BITFINEX,tOMGBTC,0.00011933,48918.07079074,0,707.00997143,0.00011985,0.0001201,138.53015582
2021-02-19T17:04:53,BITFINEX,tETPETH,0.00011083,1276.82094052,0,7215.28288775,0.00011099,0.00014289,26922.49956832
2021-02-19T17:04:54,BITFINEX,tQTMUSD,7.2211,11158.59979275,0,2282.37821565,7.1755,7.2031,2742.36573424
2021-02-19T17:04:54,BITFINEX,tETHUSD,1944.4,119507.05691255,0,807.69854656,1944.3,1944.4,266.55301282
2021-02-19T17:04:54,BITFINEX,tQTMBTC,0.00013287,3229.33535503,0,2427.91691848,0.00013234,0.00013367,2446.38175805
2021-02-19T17:04:54,BITFINEX,tAVTUSD,0.43058,9204.86216747,0,7056.19725672,0.43066,0.49,32156.67750073
2021-02-19T17:04:54,BITFINEX,tEDOUSD,1.8896,7378.3784034,0,3723.94493278,1.8896,1.8897,6800.71549351
2021-02-19T17:04:56,BITFINEX,tEDOBTC,0.00003485,6340.78084584,0,11144.52466386,0.00003456,0.00003485,9180.63738298
2021-02-19T17:04:56,BITFINEX,tEDOETH,0.00089551,483.46063751,0,39417.35352369,0.00089551,0.0011299,11701.67510716
2021-02-19T17:04:56,BITFINEX,tBTGUSD,27.457,7157.31643109,0,5203.30960337,27.457,27.499,5470.89745721
2021-02-19T17:04:56,BITFINEX,tBTGBTC,0.0005055,3857.06388561,0,250.66904854,0.00050549,0.00050723,10
2021-02-19T17:04:57,BITFINEX,tDATUSD,0.11331,1048595.17291021,0,275698.91703917,0.1116,0.11343,69115.78177891
2021-02-19T17:04:57,BITFINEX,tDATBTC,0.00000206,240601.03259744,0,221626.21831,0.00000206,0.00000209,70727.85596472
2021-02-19T17:04:57,BITFINEX,tQSHUSD,0.078,125204.97339995,0,152219.82068627,0.078226,0.078755,662211.5123022
2021-02-19T17:04:58,BITFINEX,tYYWUSD,0.0271,252238.35551561,0,245855.73189324,0.0271,0.0293,119777.90550665
2021-02-19T17:04:58,BITFINEX,tGNTUSD,0.412,604109.2672489,0,10319.41057998,0.41,0.48983,12182.20262818
2021-02-19T17:04:59,BITFINEX,tGNTBTC,0.0000082,104003.87479542,0,12444.17703681,0.00000776,0.00000995,15781.71542893
2021-02-19T17:05:01,BITFINEX,tGNTETH,0.0002357,21873.76336948,0,63596.30089138,0.00014603,0.00029954,34712.66808563
2021-02-19T17:05:01,BITFINEX,tSNTUSD,0.10656,148622.88530675,0,74237.00388153,0.10668,0.10882,344901.04045472
2021-02-19T17:05:01,BITFINEX,tIOTEUR,1.22209895,830979.17480017,0,324819.06886322,1.2235,1.2253,276982.93698713
2021-02-19T17:05:01,BITFINEX,tBATUSD,0.61833,456156.90222593,0,118442.22278417,0.61946,0.62287,85803.99722434
2021-02-19T17:05:02,BITFINEX,tBATBTC,0.0000112,46105.09186459,0,118949.6357442,0.00001143,0.00001152,18938.5538245
2021-02-19T17:05:02,BITFINEX,tBATETH,0.00031103,1954.01912488,0,344907.46405534,0.00031764,0.00032099,11019.05922371
2021-02-19T17:05:02,BITFINEX,tSANUSD,0.2222,291602.95495468,0,47383.47225291,0.222,0.23199,106984.04445526
2021-02-19T17:05:02,BITFINEX,tMNAUSD,0.31707,264379.12544611,0,27493.01771662,0.31678,0.31753,74742.48189303
2021-02-19T17:05:02,BITFINEX,tBTCJPY,5710600,260.98185204,0,8.11564838,5719600,5719900,11.55035394
2021-02-19T17:05:02,BITFINEX,tOMGETH,0.0033405,15595.0867915,0,17270.75269769,0.0033385,0.0033446,14028.37610613
2021-02-19T17:05:02,BITFINEX,tBTCEUR,44560,683.56612996,0,8.21278823,44636,44637,12.82484638
2021-02-19T17:05:02,BITFINEX,tETCUSD,15.213,92542.09354867,0,34315.31596959,15.149,15.193,60854.07211207
2021-02-19T17:05:02,BITFINEX,tNEOBTC,0.00085927,20589.18294207,0,10707.8752974,0.0008571,0.00085987,16162.72551623
2021-02-19T17:05:02,BITFINEX,tDSHUSD,312.54,58072.6580958,0,3739.3548328,312.45,313,6778.54860299
2021-02-19T17:05:02,BITFINEX,tAVTUSD,0.43058,9204.86216747,0,7056.57074465,0.43067,0.49,32156.67750073
2021-02-19T17:05:02,BITFINEX,tZECUSD,175.27,27005.66031097,0,3667.22839642,175.27,175.33,3681.78675389
2021-02-19T17:05:02,BITFINEX,tEOSUSD,5.1025,5852527.90660294,0,28351.58614646,5.0976,5.1012,49153.90094165
2021-02-19T17:05:02,BITFINEX,tXMRBTC,0.0049456,10179.16638659,0,2723.69947175,0.0049506,0.0049581,3105.92301134
2021-02-19T17:05:02,BITFINEX,tEOSBTC,0.00009423,498232.21844728,0,111739.82496314,0.00009403,0.00009418,107164.63781557
2021-02-19T17:05:02,BITFINEX,tLTCBTC,0.0042781,8558.41460873,0,1002.43187203,0.0042721,0.0042804,478.16380737
2021-02-19T17:05:02,BITFINEX,tXMRUSD,268.1,18784.41030885,0,4658.20192781,268.03,268.56,4440.63756854
2021-02-19T17:05:02,BITFINEX,tZECBTC,0.003233,9628.30101021,0,1179.03232005,0.0032326,0.0032389,1162.20159601
2021-02-19T17:05:02,BITFINEX,tXRPUSD,0.55467,54786178.5170406,0,288836.74210988,0.55475,0.555,356521.23101217
2021-02-19T17:05:02,BITFINEX,tIOTUSD,1.4868,18394797.1425559,0,389863.14805672,1.485,1.4866,277604.65322078
2021-02-19T17:05:02,BITFINEX,tETCBTC,0.00028089,11807.68704624,0,37285.00556807,0.00027956,0.00028044,52227.60511338
2021-02-19T17:05:02,BITFINEX,tYYWUSD,0.0271,252238.35551561,0,245855.73189324,0.0271,0.029299,121026.70393347
2021-02-19T17:05:02,BITFINEX,tDATBTC,0.00000208,234222.95150544,0,258805.23591652,0.00000206,0.00000209,70727.85596472
2021-02-19T17:05:02,BITFINEX,tEDOBTC,0.00003485,6331.42396512,0,10458.84732446,0.00003434,0.00003485,9723.2835649
2021-02-19T17:05:02,BITFINEX,tIOTBTC,0.00002736,2476242.565723,0,21146.81678184,0.00002736,0.00002744,545209.05348637
2021-02-19T17:05:02,BITFINEX,tGNTUSD,0.412,603057.07665274,0,9361.47293211,0.41001,0.48982,15255.87853442
2021-02-19T17:05:02,BITFINEX,tETPUSD,0.23121,326933.36650502,0,27049.46664106,0.23002,0.23999,33443.13273154
2021-02-19T17:05:02,BITFINEX,tQTMUSD,7.2211,11158.59979275,0,2355.14309043,7.1755,7.203,2742.36573424
2021-02-19T17:05:02,BITFINEX,tIOTETH,0.00076207,283598.6525831,0,149250.05682668,0.00076272,0.00076671,230987.23457682
2021-02-19T17:05:02,BITFINEX,tBTCUSD,54174,8561.32308244,0,7.5496888,54173,54174,12.90930973
2021-02-19T17:05:02,BITFINEX,tIOTEUR,1.22209895,830979.17480017,0,536071.84527371,1.2235,1.2249,340984.34962452
2021-02-19T17:05:02,BITFINEX,tBATETH,0.00031103,1936.75617452,0,344914.70724152,0.00031723,0.00032099,11019.5365869
2021-02-19T17:05:02,BITFINEX,tETHBTC,0.035913,37511.2018712,0,149.41652788,0.035898,0.035917,268.08381284
2021-02-19T17:05:02,BITFINEX,tOMGBTC,0.00011933,48918.07079074,0,1039.90563627,0.00011982,0.0001201,142.2907169
2021-02-19T17:05:02,BITFINEX,tNEOUSD,46.594,88629.92303413,0,9566.28829253,46.5,46.572,10019.90225346
2021-02-19T17:05:02,BITFINEX,tMNAUSD,0.31707,264379.12544611,0,27279.90932884,0.31677,0.31753,74742.48189303
2021-02-19T17:05:02,BITFINEX,tMNABTC,0.00000588,16400.29230146,0,94947.52865046,0.00000586,0.00000592,79904.33949034
2021-02-19T17:05:02,BITFINEX,tETHUSD,1944.3,119532.05691255,0,821.89382087,1944.3,1944.4,320.53786235
2021-02-19T17:05:02,BITFINEX,tLTCUSD,231.5,94953.43918111,0,2359.65525977,231.57,231.74,1433.2135721
2021-02-19T17:05:02,BITFINEX,tBATUSD,0.61833,426330.57517565,0,121769.38122454,0.61989,0.62287,85803.99722434
2021-02-19T17:05:03,BITFINEX,tDSHBTC,0.0057749,10423.49060328,0,2279.64887445,0.0057651,0.005775,2179.99562893
2021-02-19T17:05:03,BITFINEX,tFUNUSD,0.03624,307536.23301876,0,546810.81381882,0.035,0.036449,377225.26561473
2021-02-19T17:05:03,BITFINEX,tOMGUSD,6.5085,562750.21740321,0,54985.82205603,6.492,6.5011,98841.93724906
2021-02-19T17:05:03,BITFINEX,tZRXUSD,1.525,632998.5632922,0,59449.34016724,1.5257,1.5281,218750.20705862
2021-02-19T17:05:04,BITFINEX,tZRXBTC,0.00002822,69763.62823437,0,53808.1108538,0.00002818,0.00002823,47290.78753883
2021-02-19T17:05:04,BITFINEX,tZRXETH,0.00078446,13852.68522796,0,39966.76550062,0.00078519,0.00078841,48202.20456808
2021-02-19T17:05:04,BITFINEX,tTRXUSD,0.060436,205128997.540244,0,4818552.96078396,0.060387,0.060463,8073720.81975563
2021-02-19T17:05:05,BITFINEX,tTRXBTC,0.00000112,13564829.9707883,0,5807558.78379697,0.00000111,0.00000112,3263990.37733574
2021-02-19T17:05:05,BITFINEX,tTRXETH,0.00003108,3264391.66049422,0,1160778.35230933,0.00003106,0.0000311,957272.74102476
2021-02-19T17:05:05,BITFINEX,tRCNUSD,0.1,6609.8685231,0,37303.01827851,0.094642,0.1,37061.50486848
2021-02-19T17:05:06,BITFINEX,tSNGUSD,0.015282,141995.871015,0,367882.94251748,0.014648,0.01522,796001.89892905
2021-02-19T17:05:06,BITFINEX,tREPUSD,33.503,259.43933018,0,700.34660468,33.725,34.308,701.99097913
2021-02-19T17:05:06,BITFINEX,tREPBTC,0.00062501,240.26380689,0,362.3918819,0.00062749,0.00063363,369.9054384
2021-02-19T17:05:06,BITFINEX,tNECUSD,0.13333,55070.259459,0,63524.55479282,0.13336,0.14677,37970.79229443
2021-02-19T17:05:08,BITFINEX,tNECETH,0.00009115,4670.69852845,0,832402.952,0.0000265,0.00009299,20973.36623713
2021-02-19T17:05:08,BITFINEX,tBTCGBP,38644,380.30611158,0,8.23282634,38631,38632,15.97715856
2021-02-19T17:05:09,BITFINEX,tETHEUR,1601.85091933,8415.56691883,0,1002.15657505,1602,1602.1,351.3561581
2021-02-19T17:05:09,BITFINEX,tETHJPY,205219.76368633,5650.62356031,0,794.25320999,205280,205300,266.55301282
2021-02-19T17:05:09,BITFINEX,tETHGBP,1385,4893.35310903,0,1133.9867628,1386.4,1386.6,339.5824581
2021-02-19T17:05:09,BITFINEX,tNEOEUR,38.461,597.35024289,0,9766.49251424,38.313,38.374,14643.28046964
2021-02-19T17:05:09,BITFINEX,tNEOJPY,4931.41920178,98.733457,0,9436.49692112,4909.5,4917.2,10018.65496053
2021-02-19T17:05:10,BITFINEX,tNEOGBP,33.299,138.50610322,0,9566.49692112,33.159,33.211,10018.65496053
2021-02-19T17:05:10,BITFINEX,tEOSEUR,4.1991,537659.0715388,0,29416.46797086,4.2001,4.2032,49136.05666502
2021-02-19T17:05:10,BITFINEX,tEOSJPY,538.65999951,105874.06174461,0,28994.30470147,538.22,538.6,48125.59959046
2021-02-19T17:05:11,BITFINEX,tEOSGBP,3.696,39600.38678856,0,29905.88473932,3.6351,3.6377,49235.77357112
2021-02-19T17:05:11,BITFINEX,tIOTJPY,156.10999957,164185.25011032,0,307454.24951977,156.78,156.96,339481.6905728
2021-02-19T17:05:12,BITFINEX,tIOTGBP,1.0604,132387.13974062,0,307454.24951977,1.0589,1.0602,477959.66490117
2021-02-19T17:05:12,BITFINEX,tIOSUSD,0.04662,143679.58239716,0,165044.05986686,0.04662,0.05,76390.25243709
2021-02-19T17:05:12,BITFINEX,tREQUSD,0.10943,74098.25964386,0,46218.66315888,0.10639,0.10943,43582.04564506
2021-02-19T17:05:12,BITFINEX,tXMRBTC,0.0049581,10180.32087659,0,1575.68442781,0.0049516,0.0049628,4245.83173895
2021-02-19T17:05:12,BITFINEX,tETHBTC,0.035913,37511.2018712,0,111.62002618,0.035899,0.03592,201.64499355
2021-02-19T17:05:12,BITFINEX,tXMRUSD,268.1,18784.45030885,0,2759.37128014,267.99,268.46,3132.65245343
2021-02-19T17:05:12,BITFINEX,tLTCBTC,0.0042747,8567.41933427,0,862.89024171,0.0042735,0.0042803,614.45299181
2021-02-19T17:05:12,BITFINEX,tETCUSD,15.213,92542.09354867,0,34260.63372383,15.149,15.192,60772.19580593
2021-02-19T17:05:12,BITFINEX,tLRCUSD,0.74467,5798.1932507,0,18264.75050394,0.73472,0.74046,13945.06186741
2021-02-19T17:05:12,BITFINEX,tLTCUSD,231.7,94958.73918111,0,1454.49287813,231.52,231.7,1566.03441811
2021-02-19T17:05:12,BITFINEX,tZECUSD,175.27,27005.66031832,0,2507.37205359,175,175.31,3801.90058191
2021-02-19T17:05:13,BITFINEX,tEOSBTC,0.00009423,498232.21844728,0,87300.8749642,0.00009408,0.00009424,163991.98020519
2021-02-19T17:05:13,BITFINEX,tETHUSD,1944.4,119533.72032531,0,899.43156398,1944.3,1944.4,355.86243953
2021-02-19T17:05:13,BITFINEX,tDSHBTC,0.0057749,10423.49060328,0,2209.46987503,0.0057682,0.0057792,3828.89643656
2021-02-19T17:05:13,BITFINEX,tIOTETH,0.00076207,283598.6525831,0,149251.08777762,0.00076228,0.0007664,230361.64362664
2021-02-19T17:05:13,BITFINEX,tDSHUSD,312.54,58072.6580958,0,2409.95009074,312.45,312.97,3267.08091704
2021-02-19T17:05:13,BITFINEX,tIOTEUR,1.22209895,830979.17480017,0,404072.22561477,1.2235,1.224,340219.12572981
2021-02-19T17:05:13,BITFINEX,tIOTUSD,1.4868,18394797.1425559,0,307454.62986083,1.485,1.4855,337513.32572981
2021-02-19T17:05:13,BITFINEX,tOMGUSD,6.5085,562750.21740321,0,55279.3315515,6.4932,6.5023,99507.53103447
2021-02-19T17:05:13,BITFINEX,tBTGBTC,0.00050549,3855.41091529,0,8.81877697,0.00050549,0.00050636,1704.47061
2021-02-19T17:05:13,BITFINEX,tQTMUSD,7.2211,11158.59979275,0,1995.11480986,7.1756,7.203,2742.36573424
2021-02-19T17:05:13,BITFINEX,tBATETH,0.00031103,1936.75617452,0,344914.13468414,0.00031739,0.00032099,11016.6707509
2021-02-19T17:05:13,BITFINEX,tTRXETH,0.00003108,3264391.66049422,0,1144600.18922582,0.00003105,0.00003109,1146557.48555167
2021-02-19T17:05:13,BITFINEX,tEDOBTC,0.00003485,6331.42396512,0,13957.69970503,0.00003428,0.00003485,9703.2835649
2021-02-19T17:05:13,BITFINEX,tETPETH,0.00011083,1276.82094052,0,7215.15195775,0.00011101,0.00014289,26922.49956832
2021-02-19T17:05:13,BITFINEX,tZRXUSD,1.525,632998.5632922,0,49941.30930516,1.5251,1.5275,278293.86156727
2021-02-19T17:05:13,BITFINEX,tOMGBTC,0.00011933,48918.07079074,0,956.71556779,0.00011989,0.0001201,104.60764477
2021-02-19T17:05:13,BITFINEX,tZRXETH,0.00078446,13852.68522796,0,45099.71135822,0.00078508,0.00078803,43269.34853265
2021-02-19T17:05:13,BITFINEX,tDATBTC,0.00000208,234222.95150544,0,253281.80734652,0.00000206,0.0000021,158010.46596472
2021-02-19T17:05:13,BITFINEX,tNEOBTC,0.00085927,20589.18294207,0,7135.93318673,0.00085731,0.0008598,16174.25492106
2021-02-19T17:05:13,BITFINEX,tBATUSD,0.61833,426330.57517565,0,121800.24863084,0.61989,0.62244,87428.35743527
2021-02-19T17:05:13,BITFINEX,tOMGETH,0.0033405,15595.0867915,0,17976.66457808,0.0033394,0.0033443,15730.74441268
2021-02-19T17:05:13,BITFINEX,tREPUSD,33.503,259.43933018,0,704.22865389,33.725,34.307,627.78234864
2021-02-19T17:05:13,BITFINEX,tGNTUSD,0.412,603057.07665274,0,9361.47293211,0.41001,0.4898,15255.87853442
2021-02-19T17:05:13,BITFINEX,tEOSUSD,5.1025,5852527.90660294,0,33824.42386541,5.0993,5.1012,49543.33793595
2021-02-19T17:05:13,BITFINEX,tEOSETH,0.0026208,30451.96301282,0,32474.23160581,0.0026229,0.002625,38587.92087767
2021-02-19T17:05:13,BITFINEX,tREPBTC,0.00062501,240.26380689,0,375.68853315,0.00062788,0.00063263,334.9008084
2021-02-19T17:05:13,BITFINEX,tEDOUSD,1.8896,7320.0162071,0,3541.05320026,1.8896,1.9849,7123.84815975
2021-02-19T17:05:13,BITFINEX,tNEOEUR,38.461,597.35024289,0,9766.4816191,38.313,38.37,9986.12680262
2021-02-19T17:05:13,BITFINEX,tETCBTC,0.00028089,11807.68704624,0,27537.67678006,0.00027959,0.00028035,52451.61607399
2021-02-19T17:05:13,BITFINEX,tBTGUSD,27.457,7100.5320635,0,5184.70417522,27.187,27.335,4308.6803874
2021-02-19T17:05:13,BITFINEX,tSANUSD,0.2222,291602.95495468,0,47383.47225291,0.222,0.23197,106984.04445526
2021-02-19T17:05:13,BITFINEX,tNECUSD,0.13333,55070.259459,0,63524.55479282,0.13336,0.14676,37970.79229443
2021-02-19T17:05:13,BITFINEX,tNEOGBP,33.299,138.50610322,0,9566.4816191,33.159,33.209,16587.92588309
2021-02-19T17:05:13,BITFINEX,tEOSGBP,3.696,39600.38678856,0,33286.99184567,3.6366,3.6377,48674.31128388
2021-02-19T17:05:13,BITFINEX,tZECBTC,0.003233,9628.30101021,0,1198.33356222,0.003232,0.003238,482.0518534
2021-02-19T17:05:13,BITFINEX,tEOSJPY,538.65999951,105874.06174461,0,31110.14349018,538.23,538.6,46927.65837398
2021-02-19T17:05:13,BITFINEX,tNEOUSD,46.572,88630.92303413,0,9436.4816191,46.5,46.568,9960.76625651
2021-02-19T17:05:13,BITFINEX,tIOTGBP,1.0604,132387.13974062,0,208719.52140151,1.0589,1.0594,548028.13598444
2021-02-19T17:05:13,BITFINEX,tXRPUSD,0.55467,54786178.5170406,0,322634.2864416,0.55469,0.555,344272.39916103
2021-02-19T17:05:13,BITFINEX,tEOSEUR,4.1991,537659.0715388,0,34175.82386541,4.2015,4.2032,46568.77043461
2021-02-19T17:05:13,BITFINEX,tIOTJPY,156.10999957,164185.25011032,0,208719.43335031,156.78,156.85,337513.32572981
2021-02-19T17:05:13,BITFINEX,tNEOJPY,4931.41920178,98.733457,0,9436.4816191,4909.5,4916.9,14572.92588309
2021-02-19T17:05:13,BITFINEX,tTRXUSD,0.060334,205128997.540244,0,4817393.78568548,0.060377,0.06047,7919580.97230037
2021-02-19T17:05:13,BITFINEX,tXRPBTC,0.00001025,6392297.875344,0,1644745.03383133,0.00001024,0.00001026,1742219.07526653
2021-02-19T17:05:13,BITFINEX,tLRCBTC,0.00001356,12540.14655815,0,30338.74907209,0.00001356,0.00001369,3775.90535701
2021-02-19T17:05:13,BITFINEX,tWAXUSD,0.084866,331281.8046936,0,8304.75067946,0.084866,0.085248,64042.84690064
2021-02-19T17:05:13,BITFINEX,tDAIUSD,0.99978,1041805.89102488,0,163679.07542357,0.99979,1.0003,676537.07127066
2021-02-19T17:05:13,BITFINEX,tDAIBTC,0.00001832,21660.52984984,0,113054.92288052,0.0000184,0.00001851,4584.26906126
2021-02-19T17:05:14,BITFINEX,tDAIETH,0.00051647,16676.06521764,0,38654.20544746,0.00051001,0.0005278,2972.39782146
2021-02-19T17:05:15,BITFINEX,tBFTUSD,0.035194,34009.72048606,0,163279.14385765,0.03265,0.034591,315218.25574832
2021-02-19T17:05:15,BITFINEX,tMTNUSD,0.00545,260429.98868309,0,4025977.79438952,0.00491,0.00545,253313.80727537
2021-02-19T17:05:15,BITFINEX,tODEUSD,0.027989,79860.17123342,0,131662.9287034,0.02498,0.028827,41071.88004351
2021-02-19T17:05:15,BITFINEX,tANTUSD,6.0425,3441.02751353,0,7140.6800043,6.0109,6.0534,2535.68839222
2021-02-19T17:05:16,BITFINEX,tANTBTC,0.00011762,174.37598317,0,7106.02222338,0.00011032,0.00011269,2229.90626385
2021-02-19T17:05:16,BITFINEX,tANTETH,0.0031433,63.46011467,0,14895.87703273,0.0030796,0.0031734,2062.45540472
2021-02-19T17:05:16,BITFINEX,tSTJUSD,0.8548,1802.44908524,0,2300.88148702,0.85,0.87551,31935.25636071
2021-02-19T17:05:16,BITFINEX,tXLMUSD,0.50594,4245176.38480888,0,493287.47883626,0.5067,0.50753,515086.05810393
2021-02-19T17:05:16,BITFINEX,tXLMBTC,0.00000931,455712.16423138,0,691166.97477615,0.00000936,0.00000938,641139.1653818
2021-02-19T17:05:17,BITFINEX,tXLMETH,0.00025997,70691.51046461,0,74253.32182567,0.00025985,0.00026128,18199.7961757
2021-02-19T17:05:18,BITFINEX,tXVGUSD,0.02718,997596.22717121,0,494580.67435862,0.026032,0.027341,310943.86641683
2021-02-19T17:05:18,BITFINEX,tMKRUSD,2540,62.33389112,0,6.20975933,2536.8,2543.5,35.28133324
2021-02-19T17:05:18,BITFINEX,tMKRBTC,0.046425,297.93390936,0,33.83138093,0.04682,0.046976,71.62334209
2021-02-19T17:05:18,BITFINEX,tMKRETH,1.3328,0.29459384,0,314.76731275,1.2946,1.3087,78.03893649
2021-02-19T17:05:19,BITFINEX,tKNCUSD,2.197,15746.52473647,0,4895.60577911,2.1973,2.2098,47152.79991586
2021-02-19T17:05:19,BITFINEX,tKNCBTC,0.0000407,6014.32695452,0,45629.48302312,0.0000407,0.0000408,5154.65435337
2021-02-19T17:05:19,BITFINEX,tPOAUSD,0.047489,53623.64993028,0,36607.74087212,0.032119,0.049991,38836.05322191
2021-02-19T17:05:19,BITFINEX,tLYMUSD,0.012962,331916.48839292,0,212790.11605059,0.0124,0.012962,2109623.61262467
2021-02-19T17:05:20,BITFINEX,tUTKUSD,0.47813,88008.89142085,0,5253.66901608,0.47813,0.48172,5826.00738927
2021-02-19T17:05:21,BITFINEX,tVEEUSD,0.00365,1620595.15393163,0,89609.43790124,0.0036244,0.0037,897034.4269905
2021-02-19T17:05:21,BITFINEX,tORSUSD,0.01049,84179.98139768,0,904527.47733457,0.010265,0.010513,689474.99680823
2021-02-19T17:05:21,BITFINEX,tZCNUSD,0.73661,5084.283889,0,7035.30552659,0.653,0.76752,16350.4181112
2021-02-19T17:05:21,BITFINEX,tNCAUSD,0.0020522,355842.793672,0,1419894.352411,0.0020024,0.0026,2437721.96511471
2021-02-19T17:05:22,BITFINEX,tCNDUSD,0.0249,1072.721873,0,502776.829541,0.01961,0.0249,366671.20017478
2021-02-19T17:05:22,BITFINEX,tCTXUSD,0.4,24,0,98975.15059213,0.325,0.43987,4049.853909
2021-02-19T17:05:22,BITFINEX,tESSUSD,0.0038236,11222892.6440364,0,2763688.2224382,0.0038236,0.0040056,3376735.93919358
2021-02-19T17:05:22,BITFINEX,tBTCUSD,54173,8561.35575559,0,6.38739281,54173,54174,13.19389652
2021-02-19T17:05:22,BITFINEX,tLTCBTC,0.0042747,8567.41933427,0,837.3308792,0.004271,0.0042817,653.65723746
2021-02-19T17:05:22,BITFINEX,tETHBTC,0.035938,37511.2018712,0,116.39388059,0.035921,0.035926,178.95200393
2021-02-19T17:05:22,BITFINEX,tETHUSD,1944.7,119538.59741255,0,929.0888429,1944.6,1944.7,302.92157766
2021-02-19T17:05:22,BITFINEX,tXMRBTC,0.0049581,10180.32087659,0,1586.12931988,0.0049513,0.0049623,4298.56990685
2021-02-19T17:05:22,BITFINEX,tHOTUSD,0.014344,202010.2213457,0,1144596.31834378,0.014161,0.014501,73404.66512028
2021-02-19T17:05:22,BITFINEX,tETCUSD,15.213,92542.09354867,0,34552.47455904,15.149,15.18,60642.19925814
2021-02-19T17:05:22,BITFINEX,tXMRUSD,268.1,18784.45030885,0,2777.05809638,267.99,268.54,3712.23850258
2021-02-19T17:05:22,BITFINEX,tZECUSD,175.27,27005.66031832,0,2483.70036479,175,175.25,3505.34810053
2021-02-19T17:05:22,BITFINEX,tDSHUSD,312.54,58072.6580958,0,2377.82015103,312.45,313,4081.47584782
2021-02-19T17:05:22,BITFINEX,tETCBTC,0.00028089,11807.68704624,0,27684.08724763,0.00027947,0.00028031,53650.64560377
2021-02-19T17:05:22,BITFINEX,tDSHBTC,0.0057749,10423.49060328,0,1426.09602071,0.0057701,0.005779,2891.1024362
2021-02-19T17:05:22,BITFINEX,tIOTUSD,1.4868,18394797.1425559,0,389535.6935107,1.485,1.4863,338621.78615535
2021-02-19T17:05:22,BITFINEX,tLTCUSD,231.91,95048.36685882,0,1666.08314781,231.64,231.87,1842.21938574
2021-02-19T17:05:22,BITFINEX,tZECBTC,0.003233,9628.30101021,0,349.04847398,0.0032317,0.003237,502.73540176
2021-02-19T17:05:22,BITFINEX,tIOTBTC,0.00002736,2476242.565723,0,21148.73268708,0.00002736,0.00002746,467310.56394754
2021-02-19T17:05:22,BITFINEX,tXRPUSD,0.555,54787478.5170406,0,321335.49632581,0.55469,0.555,338855.27855748
2021-02-19T17:05:22,BITFINEX,tEOSBTC,0.00009423,498232.21844728,0,93917.05323277,0.00009415,0.00009425,198984.88465408
2021-02-19T17:05:22,BITFINEX,tIOTETH,0.00076207,283598.6525831,0,149250.91775746,0.00076247,0.00076485,230407.58224017
2021-02-19T17:05:22,BITFINEX,tEOSETH,0.0026208,30451.96301282,0,24801.97121476,0.0026228,0.002625,38591.59470441
2021-02-19T17:05:22,BITFINEX,tEOSUSD,5.1025,5852527.90660294,0,34097.85681121,5.1003,5.1012,39468.65987446
2021-02-19T17:05:22,BITFINEX,tOMGETH,0.0033405,15595.0867915,0,17271.0885839,0.003339,0.0033459,14036.64796834
2021-02-19T17:05:22,BITFINEX,tNEOBTC,0.00085927,20589.18294207,0,10581.22917624,0.00085738,0.00085978,16179.65715233
2021-02-19T17:05:22,BITFINEX,tETPETH,0.00011083,1276.82094052,0,6538.65520775,0.00011081,0.00014289,26922.49956832
2021-02-19T17:05:22,BITFINEX,tOMGUSD,6.5085,562750.21740321,0,55171.319339,6.494,6.5028,99502.31852322
2021-02-19T17:05:22,BITFINEX,tBTGUSD,27.457,7100.5320635,0,5176.01096476,27.197,27.481,5480.56837594
2021-02-19T17:05:22,BITFINEX,tETPBTC,0.00000458,130162.79141445,0,36292.06945512,0.00000424,0.00000458,17824.02473871
2021-02-19T17:05:22,BITFINEX,tQTMUSD,7.2211,11158.59979275,0,2354.04094244,7.1762,7.2029,2795.42773424
2021-02-19T17:05:22,BITFINEX,tIOTEUR,1.22209895,830979.17480017,0,403744.41734764,1.2235,1.2247,404156.22674708
2021-02-19T17:05:22,BITFINEX,tEDOUSD,1.8896,7320.0162071,0,3520.65275539,1.8897,1.9847,5579.32798507
2021-02-19T17:05:22,BITFINEX,tZRXUSD,1.5277,633022.3886922,0,37703.91896231,1.5265,1.5296,223364.0841294
2021-02-19T17:05:22,BITFINEX,tZRXBTC,0.00002822,69763.62823437,0,62046.59671831,0.00002821,0.00002826,47403.93758296
2021-02-19T17:05:22,BITFINEX,tEDOBTC,0.00003485,6331.42396512,0,11136.14242891,0.00003459,0.00003485,9703.2835649
2021-02-19T17:05:22,BITFINEX,tGNTUSD,0.412,603057.07665274,0,9361.47293211,0.41001,0.48979,15255.87853442
2021-02-19T17:05:22,BITFINEX,tBTGBTC,0.00050549,3855.41091529,0,8.81877697,0.00050549,0.00050586,1704.47065
2021-02-19T17:05:22,BITFINEX,tETHJPY,205219.76368633,5650.62356031,0,900.3982541,205310,205330,346.9252485
2021-02-19T17:05:22,BITFINEX,tANTBTC,0.00011762,174.37598317,0,7106.02222338,0.00011044,0.00011269,3589.04644596
2021-02-19T17:05:22,BITFINEX,tSNGUSD,0.015282,141995.871015,0,367882.94251748,0.014648,0.01521,796352.31783405
2021-02-19T17:05:22,BITFINEX,tEOSGBP,3.696,39600.38678856,0,36376.92533245,3.637,3.6377,39906.69031027
2021-02-19T17:05:22,BITFINEX,tNEOUSD,46.572,88630.92303413,0,9092.29815722,46.5,46.567,14538.53114223
2021-02-19T17:05:22,BITFINEX,tETHGBP,1385,4893.35310903,0,1185.87725303,1386.7,1386.8,380.9128685
2021-02-19T17:05:22,BITFINEX,tXLMUSD,0.50594,4245176.38480888,0,475339.90974433,0.50664,0.50753,515086.09028627
2021-02-19T17:05:22,BITFINEX,tIOTGBP,1.0604,132387.13974062,0,212782.066777,1.0589,1.0599,485875.22674708
2021-02-19T17:05:22,BITFINEX,tNEOGBP,33.299,138.50610322,0,9092.29815722,33.159,33.208,18353.53114223
2021-02-19T17:05:22,BITFINEX,tLRCUSD,0.74467,5798.1932507,0,18264.75050394,0.73472,0.744,13944.72870865
2021-02-19T17:05:22,BITFINEX,tREPBTC,0.00062501,240.26380689,0,375.92143315,0.00062642,0.00063263,334.9008084
2021-02-19T17:05:22,BITFINEX,tLRCBTC,0.00001356,12540.14655815,0,30360.63193122,0.00001359,0.00001369,3775.90535701
2021-02-19T17:05:22,BITFINEX,tEOSEUR,4.1991,537659.0715388,0,31748.8050728,4.201,4.2032,39149.83027094
2021-02-19T17:05:22,BITFINEX,tZRXETH,0.00078446,13852.68522796,0,50355.65035467,0.00078566,0.00078958,48267.08335964
2021-02-19T17:05:22,BITFINEX,tKNCBTC,0.0000407,6014.32695452,0,45632.17518484,0.0000407,0.00004082,5557.13789149
2021-02-19T17:05:22,BITFINEX,tETHEUR,1602.09810583,8416.33800607,0,1053.31207632,1602.2,1602.4,375.75646766
2021-02-19T17:05:22,BITFINEX,tXLMETH,0.00025997,70691.51046461,0,80333.26241263,0.00025987,0.00026128,19043.7238057
2021-02-19T17:05:22,BITFINEX,tBATETH,0.00031103,1936.75617452,0,339803.48447921,0.00031742,0.00032079,11017.44240605
2021-02-19T17:05:22,BITFINEX,tMKRBTC,0.046425,297.93390936,0,33.83116777,0.04682,0.046979,70.81365546
2021-02-19T17:05:22,BITFINEX,tREPUSD,33.503,259.43933018,0,771.5645343,33.637,34.307,604.01034864
2021-02-19T17:05:22,BITFINEX,tEOSJPY,538.65999951,105874.06174461,0,29949.68586769,538.52,538.6,42677.12654957
2021-02-19T17:05:22,BITFINEX,tESSUSD,0.0038236,11222892.6440364,0,2763015.1074057,0.0038236,0.0040684,3367127.2367798
2021-02-19T17:05:22,BITFINEX,tNEOJPY,4931.41920178,98.733457,0,9092.29815722,4909.5,4916.7,14538.53114223
2021-02-19T17:05:22,BITFINEX,tTRXUSD,0.060334,205198002.360244,0,4801796.63764247,0.060363,0.060449,8050963.30649551
2021-02-19T17:05:22,BITFINEX,tTRXETH,0.00003108,3264391.66049422,0,1136021.20880968,0.00003105,0.00003108,1031774.27244015
2021-02-19T17:05:22,BITFINEX,tIOTJPY,156.10999957,164185.25011032,0,307126.8215937,156.78,156.93,338621.78615535
2021-02-19T17:05:23,BITFINEX,tDTAUSD,0.0018789,138469.95,0,1353232.34647798,0.00162,0.0019489,1287097.30903704
2021-02-19T17:05:23,BITFINEX,tIQXUSD,0.01054,5952829.06716749,0,2296344.01516554,0.00854,0.010733,712060.42335127
2021-02-19T17:05:24,BITFINEX,tWPRUSD,0.03,28176.372842,0,135845.26075519,0.02456,0.03,104573.76903802
2021-02-19T17:05:24,BITFINEX,tZILUSD,0.1325,1082655.1171443,0,159638.88717809,0.13262,0.13313,237371.18764088
2021-02-19T17:05:24,BITFINEX,tBNTUSD,5.5996,7571.1732156,0,999.29137334,5.5478,5.5877,955.2718666
2021-02-19T17:05:25,BITFINEX,tXRAUSD,0.0198,1054031.9939957,0,1415147.97728795,0.018208,0.018382,149788.35052783
2021-02-19T17:05:25,BITFINEX,tMANUSD,0.0653,13617.64388443,0,87246.38717632,0.063289,0.09,30696.74349534
2021-02-19T17:05:25,BITFINEX,tDGXUSD,56.769,6.11433609,0,389.91190469,57.055,57.629,603.35636619
2021-02-19T17:05:25,BITFINEX,tVETUSD,0.0527,4703510.87038133,0,2008886.25695474,0.0525,0.052748,2334498.96352787
2021-02-19T17:05:26,BITFINEX,tVETBTC,0.00000099,1093330.70785715,0,2349232.90578273,0.00000096,0.00000098,916668.32960867
2021-02-19T17:05:26,BITFINEX,tTKNUSD,0.38364,6597.42317918,0,3089.89731187,0.32438,0.35511,7938.54311564
2021-02-19T17:05:26,BITFINEX,tGOTUSD,0.05215756,2021.2217127,0,57754.90413116,0.052081,0.052188,95386.1875093
2021-02-19T17:05:27,BITFINEX,tGOTEUR,0.043,4267.80090163,0,50811.01524216,0.042912,0.043,84233.4047768
2021-02-19T17:05:28,BITFINEX,tXTZUSD,4.9191,1104713.79198598,0,23936.65234492,4.9166,4.9217,17333.72458447
2021-02-19T17:05:28,BITFINEX,tXTZBTC,0.00009073,104287.50857728,0,139115.36306534,0.00009077,0.00009087,97348.24076694
2021-02-19T17:05:28,BITFINEX,tBOXUSD,0.0029567,307783.23899586,0,1932231.12387963,0.002575,0.00297,964887.55336511
2021-02-19T17:05:28,BITFINEX,tTRXEUR,0.04981751,8764192.51681993,0,4801796.63764247,0.049736,0.049811,11924858.5917067
2021-02-19T17:05:28,BITFINEX,tMGOUSD,0.021607,39601.66471663,0,85052.15468289,0.0188,0.021607,49895.14232791
2021-02-19T17:05:29,BITFINEX,tYGGUSD,0.00052,9004009.54475254,0,7123333.72309025,0.000501,0.00051999,8291726.41741603
2021-02-19T17:05:29,BITFINEX,tMLNUSD,51.103,144.35435901,0,3193.34576814,51.172,51.229,2553.0802959
2021-02-19T17:05:29,BITFINEX,tWTCUSD,2.79,2056.79444711,0,4314.54382087,2.451,2.999,4765.09836697
2021-02-19T17:05:29,BITFINEX,tOMNUSD,6.52,166.24036387,0,1266.50434272,6.5367,7.9999,983.49841882
2021-02-19T17:05:31,BITFINEX,tOMNBTC,0.00011465,2.251664,0,61911.65776771,0.00011203,0.00019999,6108.93552627
2021-02-19T17:05:31,BITFINEX,tDRNUSD,0.155,540.318,0,49340.63189018,0.135,0.15846,44840.85146915
2021-02-19T17:05:31,BITFINEX,tPNKUSD,0.083094,8368.26297732,0,67276.06723589,0.083127,0.088229,48183.61877546
2021-02-19T17:05:32,BITFINEX,tPNKETH,0.00004316,423747.40490544,0,647044.40342814,0.00004316,0.00004342,651369.77748066
2021-02-19T17:05:32,BITFINEX,tDGBUSD,0.073609,243340.96111793,0,90742.5271413,0.071749,0.073655,186730.08005095
2021-02-19T17:05:33,BITFINEX,tLTCUSD,231.91,95048.36685882,0,1525.92947403,231.78,231.94,1994.22201335
2021-02-19T17:05:33,BITFINEX,tBTCJPY,5710600,260.98185204,0,6.51176522,5719300,5719500,15.12482744
2021-02-19T17:05:33,BITFINEX,tBSVUSD,240.31,12226.55556633,0,602.5676834,239.72,240.84,1642.35560784
2021-02-19T17:05:33,BITFINEX,tLTCBTC,0.0042747,8567.41933427,0,656.49712837,0.0042749,0.0042817,1799.89217941
2021-02-19T17:05:33,BITFINEX,tBTCEUR,44634,683.76317371,0,7.41195265,44633,44635,13.93929968
2021-02-19T17:05:33,BITFINEX,tBTCUSD,54170,8561.37469559,0,6.22208887,54170,54171,13.5426442
2021-02-19T17:05:33,BITFINEX,tIOTETH,0.00076207,283598.6525831,0,149250.81459464,0.00076243,0.00076503,230407.31622301
2021-02-19T17:05:33,BITFINEX,tZECUSD,175.27,27005.66031832,0,3690.3960358,175,175.24,3658.48641363
2021-02-19T17:05:33,BITFINEX,tOMGETH,0.0033405,15595.0867915,0,13611.98487175,0.0033391,0.0033459,15318.73801766
2021-02-19T17:05:33,BITFINEX,tNEOETH,0.023872,766.12978395,0,1456.78410561,0.023843,0.024083,2649.20141425
2021-02-19T17:05:33,BITFINEX,tIOTBTC,0.00002736,2476242.565723,0,21148.1081299,0.00002736,0.00002745,467310.58275811
2021-02-19T17:05:33,BITFINEX,tEOSBTC,0.00009423,498232.21844728,0,92359.09003989,0.0000942,0.00009436,209467.65299904
2021-02-19T17:05:33,BITFINEX,tETCBTC,0.00028089,11807.68704624,0,28047.45766332,0.00027964,0.00028021,53759.06562182
2021-02-19T17:05:33,BITFINEX,tXRPUSD,0.55431,54838737.6998916,0,316340.96950612,0.55467,0.555,344439.15567606
2021-02-19T17:05:33,BITFINEX,tETCUSD,15.213,92542.09354867,0,33003.95218211,15.149,15.193,72674.26069387
2021-02-19T17:05:33,BITFINEX,tEOSETH,0.0026208,30451.96301282,0,24757.74019171,0.0026239,0.002625,38636.39086118
2021-02-19T17:05:33,BITFINEX,tETPETH,0.00011083,1276.82094052,0,7215.02108775,0.00011103,0.00014289,26922.49956832
2021-02-19T17:05:33,BITFINEX,tETHBTC,0.035938,37513.2918712,0,139.79946491,0.035909,0.035936,276.14814131
2021-02-19T17:05:33,BITFINEX,tEOSUSD,5.1012,5852587.52323294,0,24132.67817574,5.1042,5.108,23015.97249456
2021-02-19T17:05:33,BITFINEX,tXMRUSD,268.1,18784.45030885,0,2777.47207165,268.04,268.54,3352.30538886
2021-02-19T17:05:33,BITFINEX,tNEOUSD,46.572,88630.92303413,0,8554.86383328,46.533,46.593,18153.92536885
2021-02-19T17:05:33,BITFINEX,tZECBTC,0.003233,9628.30101021,0,373.68421424,0.0032316,0.0032368,418.70698821
2021-02-19T17:05:33,BITFINEX,tDSHUSD,312.54,58072.6580958,0,2377.80219429,312.48,313,3765.130707
2021-02-19T17:05:33,BITFINEX,tEDOBTC,0.00003485,6331.42396512,0,11236.68896364,0.00003457,0.00003485,9703.2835649
2021-02-19T17:05:33,BITFINEX,tOMGUSD,6.5085,562750.21740321,0,51725.61015364,6.4956,6.5028,99268.54041199
2021-02-19T17:05:33,BITFINEX,tSANUSD,0.2222,291602.95495468,0,47384.76898584,0.222,0.23195,106845.68271566
2021-02-19T17:05:33,BITFINEX,tQTMUSD,7.2211,11158.59979275,0,2365.59787515,7.1768,7.2032,2783.62961519
2021-02-19T17:05:33,BITFINEX,tBTGUSD,27.21,7102.0099635,0,5332.89513341,27.159,27.461,5465.75800594
2021-02-19T17:05:33,BITFINEX,tBTGBTC,0.0005055,3856.03972989,0,5,0.00050297,0.00050548,1767.17859165
2021-02-19T17:05:33,BITFINEX,tGNTUSD,0.412,603057.07665274,0,10319.41057998,0.41,0.48976,15555.57853442
2021-02-19T17:05:33,BITFINEX,tXMRBTC,0.0049581,10180.32087659,0,1501.58343483,0.0049532,0.0049638,4243.34033935
2021-02-19T17:05:33,BITFINEX,tIOTEUR,1.22209895,830979.17480017,0,392557.89418059,1.2235,1.2246,347527.76557421
2021-02-19T17:05:33,BITFINEX,tDSHBTC,0.0057749,10423.49060328,0,1451.00850686,0.005773,0.0057854,2287.31439663
2021-02-19T17:05:33,BITFINEX,tIOTUSD,1.4864,18395497.1425559,0,392076.39418059,1.485,1.4862,343757.46557421
2021-02-19T17:05:33,BITFINEX,tMNABTC,0.00000588,16400.29230146,0,53097.2830714,0.00000577,0.00000592,80817.65791934
2021-02-19T17:05:33,BITFINEX,tEDOUSD,1.8896,7320.0162071,0,3475.69388603,1.8896,1.9898,6926.28667933
2021-02-19T17:05:33,BITFINEX,tZRXUSD,1.5277,633022.3886922,0,127745.00061187,1.527,1.5294,289335.09459144
2021-02-19T17:05:33,BITFINEX,tQTMBTC,0.00013287,3229.33535503,0,2457.06214544,0.00013235,0.00013367,2446.38175805
2021-02-19T17:05:33,BITFINEX,tTRXETH,0.00003108,3264391.66049422,0,1111197.1099166,0.00003106,0.0000311,1006871.10661454
2021-02-19T17:05:33,BITFINEX,tZRXBTC,0.00002822,69763.62823437,0,46078.38147477,0.00002821,0.00002825,47413.74030576
2021-02-19T17:05:33,BITFINEX,tTRXUSD,0.060334,205198002.360244,0,5713224.78126495,0.060405,0.060482,8027634.12082877
2021-02-19T17:05:33,BITFINEX,tSNGUSD,0.015282,141995.871015,0,367882.94251748,0.014648,0.01519,796005.38713005
2021-02-19T17:05:33,BITFINEX,tBTCGBP,38644,380.30611158,0,7.67300074,38628,38630,14.81571483
2021-02-19T17:05:33,BITFINEX,tEOSGBP,3.696,39600.38678856,0,24007.09534123,3.6398,3.6424,52175.81227312
2021-02-19T17:05:33,BITFINEX,tREPBTC,0.00062501,240.26380689,0,354.0639259,0.00062752,0.00063263,364.53445875
2021-02-19T17:05:33,BITFINEX,tNEOBTC,0.00085927,20589.18294207,0,10748.59613486,0.00085772,0.00086027,16662.62707779
2021-02-19T17:05:33,BITFINEX,tNEOEUR,38.461,597.35024289,0,8576.64097688,38.342,38.391,18211.40930993
2021-02-19T17:05:33,BITFINEX,tIOTJPY,156.10999957,164185.25011032,0,311722.80247331,156.78,156.9,345738.75328218
2021-02-19T17:05:33,BITFINEX,tNEOJPY,4931.41920178,98.733457,0,8554.86394687,4912.6,4919.4,18153.92548244
2021-02-19T17:05:33,BITFINEX,tZRXETH,0.00078446,13852.68522796,0,50236.2117257,0.00078562,0.00078863,48319.00791799
2021-02-19T17:05:33,BITFINEX,tNEOGBP,33.299,138.50610322,0,9138.9969286,33.182,33.226,18313.92536885
2021-02-19T17:05:33,BITFINEX,tREQUSD,0.10943,74190.25964386,0,47227.81124756,0.10755,0.10943,43490.04564506
2021-02-19T17:05:33,BITFINEX,tEOSEUR,4.1991,537659.0715388,0,25283.32649519,4.2051,4.2086,45386.5205759
2021-02-19T17:05:33,BITFINEX,tETHJPY,205325.34570191,5653.14356031,0,743.74763165,205330,205350,364.04807558
2021-02-19T17:05:33,BITFINEX,tDAIUSD,0.99978,1041152.6690012,0,163665.58127893,0.99978,1.0003,676537.07127066
2021-02-19T17:05:33,BITFINEX,tZCNUSD,0.73661,5084.283889,0,7035.30552659,0.653,0.76751,16350.4181112
2021-02-19T17:05:33,BITFINEX,tBNTUSD,5.5996,7571.1732156,0,999.29137334,5.5478,5.5955,955.1818666
2021-02-19T17:05:33,BITFINEX,tTRXEUR,0.04981751,8764192.51681993,0,5737860.73366495,0.049771,0.049833,8110022.95407881
2021-02-19T17:05:33,BITFINEX,tXLMUSD,0.50594,4245176.38480888,0,481910.33525579,0.50649,0.50739,520564.99028627
2021-02-19T17:05:33,BITFINEX,tKNCUSD,2.197,15746.52473647,0,4534.62784565,2.1999,2.2098,47152.79991586
2021-02-19T17:05:33,BITFINEX,tANTBTC,0.00011762,174.37598317,0,8164.96424468,0.00011052,0.00011269,3589.04644596
2021-02-19T17:05:33,BITFINEX,tMLNUSD,51.103,144.35435901,0,3193.26645457,51.172,51.232,2552.43123654
2021-02-19T17:05:33,BITFINEX,tESSUSD,0.0038236,11222892.6440364,0,2755259.74260723,0.0038236,0.0041014,3328430.84125335
2021-02-19T17:05:33,BITFINEX,tVETUSD,0.0527,4703510.87038133,0,2011917.17806843,0.0525,0.052776,2337266.79376212
2021-02-19T17:05:33,BITFINEX,tEOSJPY,538.65999951,105874.06174461,0,21154.72863008,538.91,539.29,40173.34976287
2021-02-19T17:05:33,BITFINEX,tXLMETH,0.00025997,70691.51046461,0,70328.25103271,0.00025977,0.00026128,19043.7238057
2021-02-19T17:05:33,BITFINEX,tXTZBTC,0.00009073,104287.50857728,0,132891.40734302,0.00009075,0.00009085,132605.99733816
2021-02-19T17:05:33,BITFINEX,tBSVUSD,240.84,12226.70662135,0,606.50273009,239.73,240.84,1347.36444801
2021-02-19T17:05:33,BITFINEX,tDGXUSD,56.769,6.11433609,0,390.0082642,57.036,57.609,603.35636619
2021-02-19T17:05:33,BITFINEX,tXTZUSD,4.9191,1104713.79198598,0,21439.20333676,4.9145,4.92,17635.689655
2021-02-19T17:05:33,BITFINEX,tKNCBTC,0.0000407,6014.32695452,0,51284.07862595,0.00004072,0.00004082,2868.95771805
2021-02-19T17:05:33,BITFINEX,tPNKUSD,0.083094,8368.26297732,0,73538.45776164,0.083127,0.08822,48183.61877546
2021-02-19T17:05:33,BITFINEX,tMKRUSD,2540,62.33389112,0,6.01766454,2537.7,2543.5,16.14553606
2021-02-19T17:05:33,BITFINEX,tMKRBTC,0.046425,297.93390936,0,24.64470721,0.04682,0.046985,48.12407691
2021-02-19T17:05:33,BITFINEX,tMKRETH,1.3328,0.29459384,0,314.41787263,1.2938,1.3087,54.77642395
2021-02-19T17:05:33,BITFINEX,tBSVBTC,0.0044181,5468.19475667,0,1181.94525204,0.0044315,0.004442,2512.71663035
2021-02-19T17:05:33,BITFINEX,tENJUSD,0.57497,69388.26823561,0,49128.42556487,0.57128,0.57527,65346.30623713
2021-02-19T17:05:33,BITFINEX,tONLUSD,0.0457,769.4,0,183935.93498108,0.03611,0.04699,69856.37390146
2021-02-19T17:05:34,BITFINEX,tRBTUSD,52400,0.38060436,0,2.03250855,52922,54999,0.06297195
2021-02-19T17:05:35,BITFINEX,tRBTBTC,1.0038,1.03363643,0,423.01655575,0.99601,1.0069,2.35488904
2021-02-19T17:05:35,BITFINEX,tUSTUSD,1.0002,93922347.6884481,0,2457965.79898187,1.0002,1.0004,3526428.90232181
2021-02-19T17:05:35,BITFINEX,tEUTEUR,0.99251,25394.58458421,0,41884.64284696,0.9646,1.1124,2910.801737
2021-02-19T17:05:35,BITFINEX,tEUTUSD,1.34,161429.80071742,0,116884.64284696,1.1707,1.35,2910.801737
2021-02-19T17:05:36,BITFINEX,tUDCUSD,1.0004,2265214.25398016,0,1084362.0509973,0.99995,1.0004,10161233.7565493
2021-02-19T17:05:36,BITFINEX,tTSDUSD,1.0004,487.62051934,0,148660.6569152,1.0003,1.0011,154968.92358138
2021-02-19T17:05:36,BITFINEX,tPAXUSD,0.99966,521702.03684179,0,174285.52392713,0.99965,0.99975,358188.68985441
2021-02-19T17:05:36,BITFINEX,tRIFUSD,0.335,141568.18782811,0,32041.18752598,0.3058,0.335,228479.40663668
2021-02-19T17:05:36,BITFINEX,tPASUSD,0.012914,744047.2797971,0,343828.18814379,0.0092,0.013399,1118039.67265761
2021-02-19T17:05:37,BITFINEX,tVSYUSD,0.02668,640579.49051054,0,219876.923229,0.0266,0.0271,99259.11200692
2021-02-19T17:05:38,BITFINEX,tVSYBTC,0.0000005,265902.26129464,0,129861.44018738,0.00000049,0.00000051,7024.45573737
2021-02-19T17:05:38,BITFINEX,tBTTUSD,0.001349,80218568.7956466,0,13142825.0473249,0.0012892,0.0013013,11757288.2226146
2021-02-19T17:05:38,BITFINEX,tBTCUST,54072,1817.13405556,0,8.60865799,54122,54149,13.16060061
2021-02-19T17:05:39,BITFINEX,tETHUST,1942.7,9174.9627934,0,189.19258158,1944.6,1944.9,128.95182429
2021-02-19T17:05:39,BITFINEX,tCLOUSD,0.0053525,56195246.7192809,0,1069432.0798028,0.0053524,0.0053525,1086190.22573473
2021-02-19T17:05:39,BITFINEX,tLTCUST,231.55,6463.13014696,0,383.88751609,231.54,231.98,521.20828146
2021-02-19T17:05:39,BITFINEX,tEOSUST,5.0921,144041.12054335,0,23733.44036992,5.0998,5.1078,22224.17243415
2021-02-19T17:05:40,BITFINEX,tGNOUSD,153,2.13784681,0,83.48567609,122.06,154.8,93.95794249
2021-02-19T17:05:40,BITFINEX,tGENUSD,0.28489,2169.6627662,0,15681.23521255,0.23332,0.28696,38338.38061875
2021-02-19T17:05:40,BITFINEX,tATOUSD,22.338,31228.93653568,0,2904.56786714,22.348,22.384,5135.33616716
2021-02-19T17:05:42,BITFINEX,tATOBTC,0.00041104,4422.94433905,0,2163.2051536,0.00041279,0.00041442,2964.15502982
2021-02-19T17:05:42,BITFINEX,tATOETH,0.011452,733.20471574,0,5782.27459598,0.011489,0.011587,1377.97833089
2021-02-19T17:05:42,BITFINEX,tWBTUSD,47237,0.1,0,18.14729535,47328,52400,0.13255217
2021-02-19T17:05:42,BITFINEX,tBTCEUR,44634,683.76317371,0,12.01369141,44635,44638,12.67721828
2021-02-19T17:05:42,BITFINEX,tBTCJPY,5710600,260.98185204,0,7.09822517,5719500,5720000,14.80173384
2021-02-19T17:05:42,BITFINEX,tLTCBTC,0.0042817,8568.69541827,0,949.76059363,0.0042745,0.0042817,1078.15924881
2021-02-19T17:05:42,BITFINEX,tLTCUSD,231.82,95061.44862091,0,1295.56054386,231.93,232.03,2854.92363992
2021-02-19T17:05:42,BITFINEX,tETHBTC,0.03596,37714.71245264,0,348.58650601,0.03596,0.035964,386.80977912
2021-02-19T17:05:42,BITFINEX,tDSHBTC,0.0057718,10433.21066328,0,2238.19144534,0.005773,0.005785,2172.70436978
2021-02-19T17:05:42,BITFINEX,tXMRBTC,0.0049628,10180.42087659,0,1652.43310252,0.0049527,0.0049681,4295.34678998
2021-02-19T17:05:42,BITFINEX,tBTCUSD,54171,8561.52721329,0,7.39105414,54172,54175,11.72963693
2021-02-19T17:05:42,BITFINEX,tXMRUSD,268.1,18784.45030885,0,2765.96962405,268.09,268.51,3353.54288016
2021-02-19T17:05:42,BITFINEX,tZECUSD,175.04,27007.40940232,0,2416.75267763,175.01,175.33,3678.92004615
2021-02-19T17:05:42,BITFINEX,tZECBTC,0.003233,9628.30101021,0,1277.32346861,0.0032322,0.0032368,940.71648041
2021-02-19T17:05:42,BITFINEX,tETCBTC,0.00028089,11807.68704624,0,27867.71456379,0.00027972,0.00028042,53694.79588924
2021-02-19T17:05:42,BITFINEX,tXCHUSD,1.1371,1410.72702125,0,304149.80573885,1.1202,1.1344,131.40919731
2021-02-19T17:05:42,BITFINEX,tDSHUSD,312.54,58072.6580958,0,3327.97534419,312.5,313,3760.86724909
2021-02-19T17:05:42,BITFINEX,tIOTBTC,0.00002736,2476242.565723,0,36143.90156822,0.00002736,0.00002748,338682.19436156
2021-02-19T17:05:42,BITFINEX,tXRPUSD,0.5544,54839131.5256846,0,282660.09812298,0.5544,0.555,262079.60428658
2021-02-19T17:05:42,BITFINEX,tNEOUSD,46.572,88630.92303413,0,8553.49637632,46.553,46.613,14447.99024393
2021-02-19T17:05:42,BITFINEX,tETHUSD,1944.9,119541.51741255,0,842.52571428,1944.8,1944.9,310.70773331
2021-02-19T17:05:42,BITFINEX,tIOTETH,0.00076207,283598.6525831,0,149253.82994704,0.00076226,0.00076536,230405.36434082
2021-02-19T17:05:42,BITFINEX,tETPETH,0.00011083,1276.82094052,0,7214.89025775,0.00011105,0.00014289,26922.49956832
2021-02-19T17:05:42,BITFINEX,tOMGUSD,6.5085,562750.21740321,0,87385.83070826,6.4941,6.5028,116232.15946509
2021-02-19T17:05:42,BITFINEX,tOMGETH,0.0033405,15595.0867915,0,13616.2439088,0.0033388,0.0033449,15344.08879028
2021-02-19T17:05:42,BITFINEX,tEOSETH,0.0026208,30451.96301282,0,32493.51836432,0.0026237,0.002625,38586.98070422
2021-02-19T17:05:42,BITFINEX,tSANUSD,0.2222,291602.95495468,0,47379.95495425,0.222,0.23193,106845.68271566
2021-02-19T17:05:42,BITFINEX,tEOSBTC,0.00009423,498232.21844728,0,105779.16432232,0.00009418,0.00009436,209205.27828516
2021-02-19T17:05:42,BITFINEX,tEOSUSD,5.1012,5852587.52323294,0,36036.39240285,5.1022,5.1057,31472.18443071
2021-02-19T17:05:42,BITFINEX,tIOTUSD,1.4864,18395497.1425559,0,215947.18359774,1.485,1.4851,313122.85852166
2021-02-19T17:05:42,BITFINEX,tIOTEUR,1.22209895,830979.17480017,0,211556.16596914,1.2235,1.2241,383871.43647451
2021-02-19T17:05:42,BITFINEX,tEDOBTC,0.00003485,6331.42396512,0,12443.03523333,0.00003456,0.00003485,9703.2835649
2021-02-19T17:05:42,BITFINEX,tBATETH,0.00031103,1936.75617452,0,340294.15983315,0.00031742,0.00032029,9054.68372592
2021-02-19T17:05:42,BITFINEX,tQTMUSD,7.2211,11158.59979275,0,2352.00861368,7.1773,7.2032,2793.85882974
2021-02-19T17:05:42,BITFINEX,tNEOBTC,0.00085927,20589.18294207,0,10673.33568848,0.00085811,0.00086085,16659.16427315
2021-02-19T17:05:42,BITFINEX,tSNTUSD,0.10656,143980.63175701,0,74238.64408248,0.10668,0.10879,382607.91346308
2021-02-19T17:05:42,BITFINEX,tGNTUSD,0.412,603057.07665274,0,9348.02624789,0.41001,0.48974,12481.90262818
2021-02-19T17:05:42,BITFINEX,tMNABTC,0.00000588,16400.29230146,0,102901.81511654,0.00000585,0.00000592,81324.53047857
2021-02-19T17:05:42,BITFINEX,tEDOUSD,1.8896,7320.0162071,0,3468.26162353,1.8896,1.9896,6849.89590019
2021-02-19T17:05:42,BITFINEX,tBATBTC,0.0000112,45729.45904372,0,163940.19798754,0.00001143,0.0000115,17828.11117278
2021-02-19T17:05:42,BITFINEX,tBTGUSD,27.21,7102.0099635,0,5326.6787794,27.295,27.46,5471.79199594
2021-02-19T17:05:42,BITFINEX,tZRXUSD,1.5277,633022.3886922,0,125591.80497896,1.5275,1.5294,289189.11769143
2021-02-19T17:05:42,BITFINEX,tZRXBTC,0.00002822,69763.62823437,0,60404.11760472,0.0000282,0.00002825,47490.8074236
2021-02-19T17:05:42,BITFINEX,tTRXETH,0.00003108,3264391.66049422,0,1160400.14943048,0.00003106,0.00003111,1335242.2356342
2021-02-19T17:05:42,BITFINEX,tREPUSD,33.503,259.43933018,0,660.94767336,33.704,34.307,742.06899466
2021-02-19T17:05:42,BITFINEX,tETHEUR,1602.09810583,8416.33800607,0,1081.31106069,1602.4,1602.6,340.64800698
2021-02-19T17:05:42,BITFINEX,tTRXUSD,0.060334,205198002.360244,0,6557448.04214034,0.060406,0.060501,11679150.3652033
2021-02-19T17:05:42,BITFINEX,tETHJPY,205346.46210503,5653.14356031,0,686.12198191,205330,205350,331.43881779
2021-02-19T17:05:42,BITFINEX,tZRXETH,0.00078446,13852.68522796,0,50236.5284459,0.00078549,0.00078857,48316.81900779
2021-02-19T17:05:42,BITFINEX,tNEOGBP,33.299,138.50610322,0,9537.19637632,33.197,33.238,18059.18974978
2021-02-19T17:05:42,BITFINEX,tNEOEUR,38.461,597.35024289,0,9137.19637632,38.357,38.408,18479.10412506
2021-02-19T17:05:42,BITFINEX,tEOSJPY,538.65999951,105874.06174461,0,22544.64725874,538.79,539.06,44239.08571272
2021-02-19T17:05:42,BITFINEX,tBTCGBP,38644,380.30611158,0,11.11681176,38630,38633,17.65604991
2021-02-19T17:05:42,BITFINEX,tETHGBP,1385,4893.35310903,0,1006.38249538,1386.8,1387,386.78293102
2021-02-19T17:05:42,BITFINEX,tEOSEUR,4.1991,537659.0715388,0,38280.84568127,4.2047,4.2077,38581.89815284
2021-02-19T17:05:42,BITFINEX,tIOTGBP,1.0604,132387.13974062,0,213891.96930584,1.0589,1.0591,380076.39736678
2021-02-19T17:05:42,BITFINEX,tDAIUSD,0.99978,1041152.6690012,0,161882.32542357,0.99979,1.0003,676537.07127066
2021-02-19T17:05:42,BITFINEX,tANTETH,0.0031433,63.46011467,0,14920.13807488,0.0030797,0.0031734,2474.28584221
2021-02-19T17:05:42,BITFINEX,tANTBTC,0.00011762,174.37598317,0,7113.30648679,0.00011029,0.00011269,3589.04644596
2021-02-19T17:05:42,BITFINEX,tDAIBTC,0.00001832,21660.52984984,0,115515.85475907,0.00001842,0.00001851,7213.86674545
2021-02-19T17:05:42,BITFINEX,tMKRETH,1.3328,0.29459384,0,314.41798893,1.2948,1.3082,77.60681783
2021-02-19T17:05:42,BITFINEX,tLRCUSD,0.74467,5798.1932507,0,18004.62584552,0.73472,0.7433,13944.86198481
2021-02-19T17:05:42,BITFINEX,tEUSUSD,1.21,193644.4599132,0,147831.30865706,1.2099,1.21,239121.42973358
2021-02-19T17:05:42,BITFINEX,tXLMETH,0.00025997,70691.51046461,0,70322.11710082,0.00025978,0.00026128,29475.17687068
2021-02-19T17:05:42,BITFINEX,tXLMBTC,0.00000931,455712.16423138,0,699334.35322693,0.00000935,0.00000938,641135.85778784
2021-02-19T17:05:42,BITFINEX,tEOSGBP,3.696,39600.38678856,0,36333.37885025,3.6384,3.641,33588.22851195
2021-02-19T17:05:42,BITFINEX,tMKRBTC,0.046778,298.25390936,0,32.50690893,0.046779,0.046985,70.18443286
2021-02-19T17:05:42,BITFINEX,tNEOJPY,4931.41920178,98.733457,0,8575.30590963,4915.1,4921.1,14459.18974978
2021-02-19T17:05:42,BITFINEX,tIOTJPY,156.10999957,164185.25011032,0,209601.17887666,156.78,156.86,322475.3419299
2021-02-19T17:05:42,BITFINEX,tXVGUSD,0.02718,997596.22717121,0,497194.46041103,0.026032,0.027314,318280.43938865
2021-02-19T17:05:42,BITFINEX,tIQXUSD,0.01054,5976387.99501869,0,2296344.01516554,0.00854,0.010732,686353.33832191
2021-02-19T17:05:42,BITFINEX,tKNCUSD,2.197,15746.52473647,0,4564.65783846,2.2029,2.2098,47152.79991586
2021-02-19T17:05:42,BITFINEX,tCNDUSD,0.0249,1072.721873,0,502776.829541,0.019618,0.0249,366671.20017478
2021-02-19T17:05:43,BITFINEX,tVETUSD,0.0527,4703510.87038133,0,2013161.38074258,0.0525,0.052767,2308938.514582
2021-02-19T17:05:43,BITFINEX,tKNCBTC,0.0000407,6014.32695452,0,69278.78096024,0.00004067,0.00004082,2421.15771805
2021-02-19T17:05:43,BITFINEX,tDGXUSD,56.769,6.11433609,0,390.00193553,57.037,57.61,603.35636619
2021-02-19T17:05:43,BITFINEX,tTKNUSD,0.38364,6597.42317918,0,3299.71717204,0.32438,0.35431,7938.54311564
2021-02-19T17:05:43,BITFINEX,tDAIETH,0.00051647,16676.06521764,0,36105.99037142,0.00051001,0.00051656,4084.27185446
2021-02-19T17:05:43,BITFINEX,tTRXEUR,0.04981751,8764192.51681993,0,8246063.36049742,0.04981,0.049851,7957937.38847121
2021-02-19T17:05:43,BITFINEX,tDRNUSD,0.155,540.318,0,49340.63189018,0.135,0.15845,45183.82488565
2021-02-19T17:05:43,BITFINEX,tBSVBTC,0.004442,5468.23092667,0,1477.70209372,0.0044355,0.004442,2666.5470221
2021-02-19T17:05:43,BITFINEX,tESSUSD,0.0038236,11222892.6440364,0,2747671.56298205,0.0038236,0.0041049,3292158.3209055
2021-02-19T17:05:43,BITFINEX,tXTZUSD,4.9191,1104713.79198598,0,47401.0161607,4.9138,4.9197,15954.68983319
2021-02-19T17:05:43,BITFINEX,tDGBUSD,0.073609,243340.96111793,0,90595.88919868,0.071496,0.07365,186820.59622197
2021-02-19T17:05:43,BITFINEX,tZILUSD,0.1325,1082655.1171443,0,115553.10424057,0.13262,0.13323,226441.38764088
2021-02-19T17:05:43,BITFINEX,tENJUSD,0.57497,69388.26823561,0,49128.3661452,0.57128,0.57545,117273.76086719
2021-02-19T17:05:43,BITFINEX,tEOSUST,5.0921,144041.12054335,0,36402.53253342,5.102,5.1065,44678.00272667
2021-02-19T17:05:43,BITFINEX,tXTZBTC,0.00009073,104287.50857728,0,139992.72176543,0.00009072,0.00009083,136321.31249889
2021-02-19T17:05:43,BITFINEX,tWBTETH,28.299,0.1,0,22.74098368,24.682,28.676,0.28636449
2021-02-19T17:05:43,BITFINEX,tBSVUSD,240.84,12226.70662135,0,606.77771417,240.19,240.67,1612.03817872
2021-02-19T17:05:43,BITFINEX,tETHUST,1942.7,9174.9627934,0,185.87154082,1944.6,1944.8,129.27693592
2021-02-19T17:05:43,BITFINEX,tATOETH,0.011452,733.20471574,0,5782.31104349,0.011489,0.011586,1378.0780905
2021-02-19T17:05:43,BITFINEX,tUDCUSD,1.0004,2265214.25398016,0,1084355.7144306,0.99984,1.0004,10279536.4473482
2021-02-19T17:05:43,BITFINEX,tRBTUSD,52400,0.38060436,0,1.03614085,52923,54999,0.06297195
2021-02-19T17:05:43,BITFINEX,tMLNUSD,51.103,144.35435901,0,3193.38740711,51.17,51.231,2552.14871412
2021-02-19T17:05:43,BITFINEX,tBTCUST,54147,1819.13405556,0,17.49511488,54079,54147,10.56860624
2021-02-19T17:05:43,BITFINEX,tUSTUSD,1.0002,94008693.5686292,0,1950451.95456485,1.0002,1.0003,2491733.49242763
2021-02-19T17:05:43,BITFINEX,tBTTUSD,0.001349,80218568.7956466,0,13142825.0473249,0.0012892,0.0013009,12094350.7861958
2021-02-19T17:05:43,BITFINEX,tLTCUST,231.55,6463.13014696,0,677.36091414,231.57,232.13,1252.73130351
2021-02-19T17:05:43,BITFINEX,tATOUSD,22.338,31228.93653568,0,2904.66114683,22.35,22.383,5134.9731702
2021-02-19T17:05:43,BITFINEX,tXCHETH,0.0005831,100,0,60973.25250126,0.0005741,0.0005817,279.13202338
2021-02-19T17:05:43,BITFINEX,tTSDUSD,1.0004,487.62051934,0,148661.68729207,1.0003,1.0004,162605.87289523
2021-02-19T17:05:43,BITFINEX,tATOBTC,0.00041104,4422.94433905,0,2155.54658362,0.00041263,0.00041421,2962.59192679
2021-02-19T17:05:43,BITFINEX,tXLMUSD,0.50594,4245176.38480888,0,463198.59987666,0.50634,0.50727,513387.15826473
2021-02-19T17:05:43,BITFINEX,tLEOUSD,1.6225,7601984.00088376,0,75302.71367462,1.6201,1.6225,53005.71998837
2021-02-19T17:05:44,BITFINEX,tLEOBTC,0.00002981,22609.22338082,0,29965.50097516,0.00002985,0.00003002,27922.92626107
2021-02-19T17:05:44,BITFINEX,tLEOUST,1.624,548492.724481,0,331283.20773539,1.6234,1.624,80618.58608728
2021-02-19T17:09:39,BITFINEX,tBTCUSD,54333,8572.92346673,0,20.19801569,54334,54345,18.95938831
2021-02-19T17:09:39,BITFINEX,tLTCUSD,233.13,96145.13396672,0,1806.09872029,233.11,233.32,1576.68933877
2021-02-19T17:09:39,BITFINEX,tLTCBTC,0.0042936,8589.03508898,0,694.49850083,0.0042895,0.0042945,1170.67079865
2021-02-19T17:09:39,BITFINEX,tETHUSD,1952.1,119814.01137529,0,687.76081105,1953,1953.1,328.61630689
2021-02-19T17:09:40,BITFINEX,tETHBTC,0.035953,37967.03182469,0,214.29510728,0.035911,0.035964,376.32272694
2021-02-19T17:09:40,BITFINEX,tETCBTC,0.00028059,11808.48873615,0,38878.20931473,0.00028035,0.00028081,67759.52614337
2021-02-19T17:09:40,BITFINEX,tETCUSD,15.23,92777.55956911,0,39012.07707408,15.226,15.276,59656.21211399
2021-02-19T17:09:40,BITFINEX,tRRTUSD,0.041903,75088.06844913,0,59034.43846297,0.040543,0.042,25985.7786678
2021-02-19T17:09:41,BITFINEX,tZECUSD,176.13,27009.06968656,0,2327.30415261,176.32,176.46,6730.24043139
2021-02-19T17:09:41,BITFINEX,tZECBTC,0.003239,9631.29547459,0,354.33810214,0.0032442,0.0032473,391.24424233
2021-02-19T17:09:42,BITFINEX,tETCUSD,15.23,92777.55956911,0,39132.93427129,15.233,15.276,50669.48083394
2021-02-19T17:09:42,BITFINEX,tLTCBTC,0.0042936,8589.03508898,0,922.82364811,0.00429,0.0042942,1098.91544469
2021-02-19T17:09:42,BITFINEX,tETHUSD,1952.4,119815.12668207,0,618.89296049,1952.4,1952.7,474.10512428
2021-02-19T17:09:42,BITFINEX,tZECBTC,0.003239,9631.29547459,0,361.18640089,0.0032452,0.0032473,459.9101908
2021-02-19T17:09:42,BITFINEX,tETCBTC,0.00028059,11808.48873615,0,38739.11220092,0.00028048,0.00028081,67758.54825463
2021-02-19T17:09:42,BITFINEX,tBTCUSD,54336,8572.93496589,0,13.54498085,54336,54337,13.45268449
2021-02-19T17:09:42,BITFINEX,tETHBTC,0.035953,37967.03182469,0,167.92971459,0.035904,0.03593,151.70332707
2021-02-19T17:09:42,BITFINEX,tLTCUSD,233.48,96159.13396672,0,1683.8071481,233.2,233.35,1634.23563148
2021-02-19T17:09:42,BITFINEX,tZECUSD,176.13,27009.06968656,0,2356.84535767,176.35,176.46,3599.30788212
2021-02-19T17:09:52,BITFINEX,tETHUSD,1952.8,119815.77811607,0,910.6652521,1952.8,1953.9,451.80633345
2021-02-19T17:09:52,BITFINEX,tETCBTC,0.00028059,11808.48873615,0,37812.96400979,0.0002806,0.00028101,67516.4460533
2021-02-19T17:09:52,BITFINEX,tETCUSD,15.23,92777.55956911,0,39133.62000435,15.241,15.277,59883.32676843
2021-02-19T17:09:52,BITFINEX,tETHBTC,0.035953,37967.03182469,0,182.91174952,0.035913,0.035946,167.58928244
2021-02-19T17:09:52,BITFINEX,tLTCBTC,0.0042929,8591.14612073,0,643.05535822,0.004293,0.0042984,592.41028188
2021-02-19T17:09:52,BITFINEX,tBTCUSD,54343,8572.98182886,0,9.05211249,54343,54344,21.38570795
2021-02-19T17:09:52,BITFINEX,tZECUSD,176.69,27010.06968656,0,3701.83648475,176.41,176.74,5088.18612684
2021-02-19T17:09:52,BITFINEX,tZECBTC,0.0032475,9634.83272459,0,317.68838276,0.0032464,0.0032475,393.69285663
2021-02-19T17:09:52,BITFINEX,tLTCUSD,233.48,96159.13396672,0,1598.65106223,233.42,233.48,929.64655904
2021-02-19T17:13:19,BITFINEX,tBTCUSD,54473,8584.37575632,0,11.26342606,54464,54479,9.92710639
2021-02-19T17:13:20,BITFINEX,tLTCUSD,234.4,96324.45922355,0,1537.60332202,234.37,234.4,723.64848842
2021-02-19T17:13:20,BITFINEX,tLTCBTC,0.0043067,8611.12543222,0,1245.82001163,0.0043025,0.0043086,592.17283964
2021-02-19T17:13:20,BITFINEX,tETHUSD,1957.2,120138.77181599,0,914.57246768,1957.2,1957.4,404.91041418
2021-02-19T17:13:20,BITFINEX,tETHBTC,0.035953,37998.10388492,0,183.31720746,0.035934,0.035958,168.10020588
2021-02-19T17:13:21,BITFINEX,tETCBTC,0.00028105,11808.94568706,0,29342.77086653,0.00028041,0.00028108,51999.41888952
2021-02-19T17:13:21,BITFINEX,tETCUSD,15.337,92971.82976911,0,45570.80073456,15.271,15.298,54430.6586088
2021-02-19T17:13:22,BITFINEX,tRRTUSD,0.041903,75088.06844913,0,59034.43846297,0.040543,0.042,25985.7786678
2021-02-19T17:13:22,BITFINEX,tZECUSD,176.88,27011.11968656,0,2233.48880284,176.94,177.09,4948.34796379
2021-02-19T17:13:22,BITFINEX,tZECBTC,0.0032522,9639.1362061,0,808.5322348,0.003252,0.0032549,363.8301119
2021-02-19T17:13:22,BITFINEX,tBTCUSD,54502,8585.74689088,0,13.71728972,54495,54496,6.95059853
2021-02-19T17:13:22,BITFINEX,tETHBTC,0.035934,37999.97388492,0,168.54410883,0.035924,0.035934,249.02648047
2021-02-19T17:13:22,BITFINEX,tLTCUSD,234.38,96324.50922355,0,1679.82293248,234.39,234.4,714.22847445
2021-02-19T17:13:22,BITFINEX,tETHUSD,1957.3,120141.77181599,0,825.48956721,1957.3,1957.4,401.96284962
2021-02-19T17:13:22,BITFINEX,tZECUSD,177.09,27011.25687656,0,6053.7937601,176.86,177.09,4904.24664759
2021-02-19T17:13:22,BITFINEX,tLTCBTC,0.0043067,8611.12543222,0,748.0154622,0.0043004,0.004307,567.24563647
2021-02-19T17:13:22,BITFINEX,tETCBTC,0.00028105,11808.94568706,0,38277.2327182,0.00028038,0.00028111,70280.2830447
2021-02-19T17:13:22,BITFINEX,tZECBTC,0.0032522,9639.1362061,0,356.40206741,0.0032467,0.0032533,355.3562818
2021-02-19T17:13:32,BITFINEX,tETHUSD,1957.48678429,120143.03181599,0,1015.21593014,1957.4,1957.5,382.53882171
2021-02-19T17:13:32,BITFINEX,tBTCUSD,54531,8587.01945429,0,14.13440121,54528,54531,6.37066703
2021-02-19T17:13:32,BITFINEX,tZECUSD,177.09,27013.55687656,0,3629.89370215,176.9,177.09,4912.6153232
2021-02-19T17:13:32,BITFINEX,tETCUSD,15.337,92971.82976911,0,46574.40173593,15.279,15.298,53925.81441702
2021-02-19T17:13:32,BITFINEX,tETCBTC,0.00028105,11808.94568706,0,38457.20561118,0.00028026,0.00028074,67711.71075536
2021-02-19T17:13:32,BITFINEX,tLTCUSD,234.4,96325.75922355,0,1764.85503443,234.39,234.4,1447.22137523
2021-02-19T17:13:32,BITFINEX,tZECBTC,0.0032522,9639.1362061,0,321.20068167,0.0032455,0.0032525,359.49695141
2021-02-19T17:13:32,BITFINEX,tETHBTC,0.035924,38005.12388492,0,152.38974639,0.0359,0.035921,233.56139196
2021-02-19T17:13:33,BITFINEX,tLTCBTC,0.0042991,8612.09543222,0,1522.5841433,0.0042987,0.0043062,589.24018755
2021-02-19T17:14:38,BITFINEX,tBTCUSD,54518,8595.10436549,0,9.20250091,54512,54520,17.17341177
2021-02-19T17:14:38,BITFINEX,tLTCUSD,234.68,96329.38199487,0,2958.94549208,234.72,234.75,1670.35944011
2021-02-19T17:14:39,BITFINEX,tLTCBTC,0.0043048,8626.59857702,0,702.57568738,0.0043017,0.0043067,1142.64330687
2021-02-19T17:14:39,BITFINEX,tETHUSD,1959.94855542,120180.23820089,0,954.3243237,1959.9,1960,304.40723248
2021-02-19T17:14:39,BITFINEX,tETHBTC,0.035948,38033.59388492,0,136.64585002,0.035931,0.035954,246.03079796
2021-02-19T17:14:39,BITFINEX,tETCBTC,0.00028105,11808.94568706,0,39035.38224285,0.00028,0.00028031,91421.73641175
2021-02-19T17:14:40,BITFINEX,tETCUSD,15.337,92971.82976911,0,32188.94282487,15.27,15.298,53596.47470094
2021-02-19T17:14:40,BITFINEX,tRRTUSD,0.041903,75088.06844913,0,59034.43846297,0.040543,0.042,25985.7786678
2021-02-19T17:14:40,BITFINEX,tZECUSD,177.09,27013.85687656,0,6168.49492032,176.95,177.09,3590.20862543
2021-02-19T17:14:40,BITFINEX,tZECBTC,0.0032522,9639.1362061,0,305.85720303,0.0032454,0.0032506,332.9228861
2021-02-19T17:14:42,BITFINEX,tZECBTC,0.0032522,9639.1362061,0,360.71322799,0.003247,0.003252,1765.87694103
2021-02-19T17:14:42,BITFINEX,tETCUSD,15.336,92978.82976911,0,38930.66635287,15.268,15.324,53759.21351591
2021-02-19T17:14:42,BITFINEX,tBTCUSD,54471,8597.37180504,0,10.37763074,54471,54476,14.87620226
2021-02-19T17:14:42,BITFINEX,tLTCUSD,234.66,96344.38199487,0,3329.1873602,234.62,234.66,1255.82599017
2021-02-19T17:14:42,BITFINEX,tLTCBTC,0.0043048,8626.59857702,0,794.92438847,0.0043024,0.0043063,1115.79173447
2021-02-19T17:14:42,BITFINEX,tZECUSD,177.09,27013.85687656,0,3651.46427679,176.93,177.09,5400.37767559
2021-02-19T17:14:42,BITFINEX,tETHBTC,0.035975,38033.59388492,0,135.18230894,0.035952,0.035975,266.95995696
2021-02-19T17:14:42,BITFINEX,tETCBTC,0.00028105,11808.94568706,0,38827.63971108,0.00028012,0.00028077,67459.57217879
2021-02-19T17:14:52,BITFINEX,tBTCUSD,54455,8597.44786328,0,12.10811433,54451,54455,14.67748445
2021-02-19T17:14:52,BITFINEX,tETCBTC,0.00028105,11808.94568706,0,38534.08120555,0.00028025,0.00028044,68549.47458768
2021-02-19T17:14:52,BITFINEX,tETCUSD,15.336,92978.82976911,0,33981.12456664,15.27,15.316,44742.21456562
2021-02-19T17:14:52,BITFINEX,tLTCUSD,234.32,96441.58276487,0,2832.65742249,234.3,234.51,1815.44846213
2021-02-19T17:14:52,BITFINEX,tZECUSD,177.09,27013.85687656,0,3659.37841126,176.97,177.09,3636.99932357
2021-02-19T17:14:52,BITFINEX,tETHBTC,0.035992,38034.46273436,0,132.03954479,0.035972,0.035992,247.43318131
2021-02-19T17:14:52,BITFINEX,tZECBTC,0.0032522,9639.1362061,0,321.60363872,0.0032489,0.003255,680.16547853
2021-02-19T17:14:52,BITFINEX,tLTCBTC,0.0043071,8626.6601809,0,746.15856784,0.004302,0.0043071,1119.91904307
2021-02-19T17:15:02,BITFINEX,tLTCUSD,234.54,96441.93276752,0,2891.90582442,234.41,234.66,1782.32462257
2021-02-19T17:15:02,BITFINEX,tETCBTC,0.00028105,11808.94568706,0,38534.37317586,0.00028027,0.00028056,68668.08164289
2021-02-19T17:15:02,BITFINEX,tBTCUSD,54454,8564.55444312,0,12.07763506,54445,54463,29.64924979
2021-02-19T17:15:02,BITFINEX,tETCUSD,15.316,92891.21786835,0,34081.15430404,15.271,15.315,44806.39602319
2021-02-19T17:15:02,BITFINEX,tETHBTC,0.036009,38036.66861272,0,206.79606354,0.035981,0.036005,282.91580759
2021-02-19T17:15:02,BITFINEX,tLTCBTC,0.0043071,8626.6601809,0,476.39697095,0.0043034,0.004307,1119.62947242
2021-02-19T17:15:02,BITFINEX,tETHUSD,1960,120180.48820089,0,1100.07226286,1959.9,1960,342.40262952
2021-02-19T17:15:02,BITFINEX,tZECUSD,177.36,27023.85687656,0,3939.59453411,177.03,177.4,3634.03761266
2021-02-19T17:15:02,BITFINEX,tZECBTC,0.0032522,9639.1362061,0,365.03814116,0.00325,0.0032553,1315.58270513
2021-02-19T18:14:55,BITFINEX,tBTCUSD,54567.760455,8759.57079722,0,9.14628423,54568,54582,92.47914175
2021-02-19T18:14:56,BITFINEX,tLTCUSD,237.64,105111.22355053,0,2057.84042827,237.62,237.77,1222.50229848
2021-02-19T18:14:56,BITFINEX,tLTCBTC,0.0043549,8850.54967133,0,819.40456154,0.0043532,0.0043582,1097.73163824
2021-02-19T18:14:56,BITFINEX,tETHUSD,1958.9,127926.55241522,0,429.74086222,1958.2,1958.9,585.83765223
2021-02-19T18:14:56,BITFINEX,tETHBTC,0.035898,38445.8250432,0,93.20338726,0.03588,0.035904,224.02381712
2021-02-19T18:14:57,BITFINEX,tETCBTC,0.00028295,12173.84621822,0,38989.29864205,0.00028273,0.00028355,52228.71585904
2021-02-19T18:14:57,BITFINEX,tETCUSD,15.434,94318.08394774,0,46382.1726737,15.431,15.484,37833.5358438
2021-02-19T18:14:57,BITFINEX,tRRTUSD,0.0419,74343.95262013,0,73838.68927196,0.0407,0.042,25985.7786678
2021-02-19T18:14:57,BITFINEX,tZECUSD,178.66,27070.68203967,0,5086.54452475,178.86,179.05,1242.08877542
2021-02-19T18:14:58,BITFINEX,tZECBTC,0.0032791,9480.43822794,0,397.15539833,0.0032778,0.003279,285.53583338
2021-02-19T18:14:59,BITFINEX,tXMRUSD,270.41,18676.214554,0,4269.46266353,270.34,270.73,2801.501484
2021-02-19T18:14:59,BITFINEX,tXMRBTC,0.0049561,10213.35695736,0,1578.7280612,0.0049567,0.0049644,3438.85080429
2021-02-19T18:14:59,BITFINEX,tDSHUSD,314.8,58379.98165579,0,1358.66430701,314.75,315.58,4094.66269
2021-02-19T18:15:00,BITFINEX,tDSHBTC,0.0057468,10590.2850791,0,1333.27227847,0.0057659,0.0057838,2845.19749773
2021-02-19T18:15:00,BITFINEX,tBTCEUR,45018.52676956,705.35537686,0,11.93166723,45018,45036,95.79130002
2021-02-19T18:15:00,BITFINEX,tBTCJPY,5759100,271.40636763,0,9.4011518,5757900,5760200,94.4824124
2021-02-19T18:15:00,BITFINEX,tXRPUSD,0.55757,55394373.2835175,0,312480.70113214,0.55697,0.5576,190335.55067105
2021-02-19T18:15:01,BITFINEX,tXRPBTC,0.0000102,6545286.54218617,0,1915595.42567191,0.00001021,0.00001022,1658936.26920468
2021-02-19T18:15:01,BITFINEX,tIOTUSD,1.4826,15144929.2808163,0,105776.28034956,1.4803,1.4823,179327.99412444
2021-02-19T18:15:01,BITFINEX,tIOTBTC,0.0000273,1985323.72624084,0,64080.91234973,0.00002717,0.00002727,151983.17873879
2021-02-19T18:15:02,BITFINEX,tZECUSD,178.66,27070.68203967,0,5086.29406652,178.85,179.03,3398.37819786
2021-02-19T18:15:02,BITFINEX,tBTCUSD,54572,8714.88479844,0,7.9294788,54548,54566,97.29739718
2021-02-19T18:15:02,BITFINEX,tLTCBTC,0.0043549,8850.54967133,0,424.16377901,0.0043535,0.0043597,1331.49956328
2021-02-19T18:15:02,BITFINEX,tZECBTC,0.0032791,9480.43822794,0,392.91570702,0.0032779,0.003279,314.88826937
2021-02-19T18:15:02,BITFINEX,tXMRBTC,0.0049561,10213.35695736,0,1662.61450053,0.0049583,0.0049667,3140.40293152
2021-02-19T18:15:02,BITFINEX,tETHUSD,1959.2,127927.54965292,0,413.87853745,1958.8,1959.2,602.85210028
2021-02-19T18:15:02,BITFINEX,tETHBTC,0.035898,38445.8250432,0,95.11979649,0.035891,0.035919,213.19524679
2021-02-19T18:15:02,BITFINEX,tDSHBTC,0.0057468,10590.2850791,0,1353.71157805,0.0057677,0.0057891,2122.00700114
2021-02-19T18:15:02,BITFINEX,tETCBTC,0.00028277,12173.84621822,0,38775.47674297,0.00028277,0.00028355,52239.33873995
2021-02-19T18:15:02,BITFINEX,tBTCJPY,5759100,271.40636763,0,10.43606984,5757200,5759600,97.07873439
2021-02-19T18:15:02,BITFINEX,tDSHUSD,314.8,58379.98165579,0,2388.79436637,314.8,315.7,2730.55977714
2021-02-19T18:15:02,BITFINEX,tXRPUSD,0.55761,55394485.2835175,0,308254.10885758,0.55694,0.5576,241009.29531893
2021-02-19T18:15:02,BITFINEX,tIOTUSD,1.48,15144937.2808163,0,113570.97658318,1.4792,1.4817,183406.79517133
2021-02-19T18:15:02,BITFINEX,tLTCUSD,237.76,105144.38355053,0,2296.33096335,237.59,237.74,1274.11291539
2021-02-19T18:15:02,BITFINEX,tBTCEUR,45030.90424452,705.35629315,0,11.27370948,45012,45031,98.8906474
2021-02-19T18:15:02,BITFINEX,tIOTETH,0.000755,194778.52421271,0,169530.83455908,0.00075542,0.00075951,233189.06587092
2021-02-19T18:15:03,BITFINEX,tEOSUSD,5.127217,5808663.49041058,0,23340.38251672,5.126,5.1272,33376.16915672
2021-02-19T18:15:03,BITFINEX,tEOSBTC,0.00009398,492981.17152465,0,69997.46453308,0.0000939,0.00009395,202571.72911389
2021-02-19T18:15:03,BITFINEX,tEOSETH,0.0026127,31471.89612987,0,32320.1842119,0.0026149,0.0026187,41393.78823758
2021-02-19T18:15:03,BITFINEX,tSANUSD,0.22614,286191.93651224,0,46453.00744763,0.22701,0.23052,29788.25340067
2021-02-19T18:15:03,BITFINEX,tSANBTC,0.00000487,10554.1221476,0,1382866.41091738,0.00000406,0.0000049,47036.42454992
2021-02-19T18:15:04,BITFINEX,tSANETH,0.00012299,1519.53631716,0,1462771.74343794,0.00011101,0.000123,114050.73004934
2021-02-19T18:15:04,BITFINEX,tOMGUSD,6.55,555002.86574038,0,9877.52475604,6.5415,6.55,141025.35789273
2021-02-19T18:15:04,BITFINEX,tOMGBTC,0.00011983,47903.14411385,0,1602.70253745,0.00011998,0.00012004,586.9425
2021-02-19T18:15:05,BITFINEX,tOMGETH,0.0033373,15544.84058493,0,18347.3350015,0.0033401,0.0033503,14949.48240205
2021-02-19T18:15:06,BITFINEX,tNEOUSD,47.926,90403.48906382,0,15136.9657478,47.964,48.005,15581.17682405
2021-02-19T18:15:06,BITFINEX,tNEOBTC,0.00087801,21224.52568218,0,17130.46571312,0.00087902,0.00088097,18239.06816142
2021-02-19T18:15:06,BITFINEX,tNEOETH,0.023872,766.12978395,0,1800.46562594,0.024431,0.024591,2633.94399251
2021-02-19T18:15:06,BITFINEX,tETPUSD,0.236,348784.43641895,0,31911.28851194,0.23378,0.24471,26131.59440949
2021-02-19T18:15:06,BITFINEX,tETPBTC,0.00000458,128731.20673349,0,34195.91481607,0.00000425,0.00000457,17137.78831179
2021-02-19T18:15:07,BITFINEX,tETPETH,0.00011083,1059.85704971,0,7979.12502083,0.00011237,0.00014229,26196.85196032
2021-02-19T18:15:07,BITFINEX,tQTMUSD,7.2229,8868.64966024,0,2060.38754322,7.1862,7.2222,3185.00150163
2021-02-19T18:15:07,BITFINEX,tQTMBTC,0.00013287,2922.96590001,0,2431.55713997,0.00013141,0.00013275,2841.84325946
2021-02-19T18:15:08,BITFINEX,tAVTUSD,0.43058,9204.86216747,0,9801.07059152,0.43113,0.48,32051.79750073
2021-02-19T18:15:08,BITFINEX,tEDOUSD,2.0175,8878.85229522,0,4365.37885557,1.9131,2.0179,6867.24235301
2021-02-19T18:15:09,BITFINEX,tEDOBTC,0.00003504,6334.37780648,0,9580.2025532,0.00003478,0.00003513,9731.10388701
2021-02-19T18:15:09,BITFINEX,tEDOETH,0.00089551,483.46063751,0,34287.36764939,0.00090102,0.0011296,10251.75410408
2021-02-19T18:15:09,BITFINEX,tBTGUSD,27.116,6594.40843845,0,4617.6224168,27.117,27.359,6037.29144405
2021-02-19T18:15:09,BITFINEX,tBTGBTC,0.00050041,3771.85133067,0,4.85448897,0.0004989,0.00050139,9104.19730716
2021-02-19T18:15:10,BITFINEX,tDATUSD,0.11474,1047484.41183134,0,93976.26228514,0.11474,0.11614,69617.20171606
2021-02-19T18:15:10,BITFINEX,tDATBTC,0.00000211,241220.75164425,0,146971.12764216,0.00000209,0.00000212,156480.79490884
2021-02-19T18:15:10,BITFINEX,tQSHUSD,0.079797,111569.70957525,0,145870.74023941,0.078915,0.08,662220.7033022
2021-02-19T18:15:10,BITFINEX,tYYWUSD,0.031854,189475.1583157,0,255139.92738699,0.0266,0.031947,88811.73878206
2021-02-19T18:15:11,BITFINEX,tGNTUSD,0.44654,636582.92859071,0,8863.81627464,0.43001,0.49904,16262.91051698
2021-02-19T18:15:11,BITFINEX,tGNTBTC,0.00000899,106235.9719593,0,17778.89093972,0.00000779,0.00000959,11164.97399693
2021-02-19T18:15:12,BITFINEX,tGNTETH,0.0002468,23819.76336948,0,58476.85125438,0.00017065,0.00029959,34712.66808563
2021-02-19T18:15:12,BITFINEX,tLTCBTC,0.0043549,8850.54967133,0,296.5114794,0.0043536,0.0043592,1327.69266095
2021-02-19T18:15:12,BITFINEX,tLTCUSD,237.94,103684.67741363,0,2338.09268366,237.68,237.94,827.28163996
2021-02-19T18:15:12,BITFINEX,tETHUSD,1958.5,126323.89379063,0,389.34333978,1958.4,1959.2,509.25872078
2021-02-19T18:15:12,BITFINEX,tBTCUSD,54563,8715.62813641,0,7.34587749,54573,54582,92.88720833
2021-02-19T18:15:12,BITFINEX,tDSHUSD,314.8,58379.98165579,0,2387.91594255,314.91,315.83,2655.1869443
2021-02-19T18:15:12,BITFINEX,tBTCEUR,45030.90424452,703.00667316,0,11.80811765,45023,45039,97.27940078
2021-02-19T18:15:12,BITFINEX,tZECUSD,178.66,27070.68203967,0,5027.30751153,178.84,179.03,3479.49206972
2021-02-19T18:15:12,BITFINEX,tDSHBTC,0.0057468,10590.2850791,0,773.36728429,0.00577,0.0057853,1443.34565692
2021-02-19T18:15:12,BITFINEX,tETHBTC,0.035898,38445.8250432,0,156.86222063,0.035881,0.035919,212.61856215
2021-02-19T18:15:12,BITFINEX,tXMRBTC,0.0049561,10213.35695736,0,1574.65562193,0.004958,0.0049661,3105.43285215
2021-02-19T18:15:12,BITFINEX,tEOSUSD,5.127217,5808663.49041058,0,24381.18829685,5.1256,5.127,26796.83961815
2021-02-19T18:15:12,BITFINEX,tIOTUSD,1.48,15144937.2808163,0,89039.86061574,1.4795,1.4819,213619.75118337
2021-02-19T18:15:12,BITFINEX,tXRPUSD,0.55761,55394485.2835175,0,322054.73247548,0.55708,0.55785,191803.51952864
2021-02-19T18:15:12,BITFINEX,tIOTETH,0.000755,194778.52421271,0,169960.43593211,0.00075545,0.0007595,233189.21945084
2021-02-19T18:15:12,BITFINEX,tZECBTC,0.0032764,9456.29280995,0,797.17865175,0.003277,0.003281,312.3557633
2021-02-19T18:15:12,BITFINEX,tOMGETH,0.0033373,15544.84058493,0,18350.06571129,0.0033398,0.0033513,15660.29575059
2021-02-19T18:15:12,BITFINEX,tETCUSD,15.434,94318.08394774,0,45743.0707116,15.43,15.479,37557.25878461
2021-02-19T18:15:12,BITFINEX,tBTCJPY,5759100,271.40636763,0,11.09530478,5758600,5760500,96.99757038
2021-02-19T18:15:12,BITFINEX,tOMGUSD,6.55,553799.38877255,0,10261.05406799,6.5411,6.55,141248.24575233
2021-02-19T18:15:12,BITFINEX,tEOSBTC,0.00009398,492981.17152465,0,58352.70015878,0.00009388,0.00009395,202990.87924426
2021-02-19T18:15:12,BITFINEX,tNEOBTC,0.00087801,21224.52568218,0,11675.64579348,0.00087913,0.00088098,17778.20775617
2021-02-19T18:15:12,BITFINEX,tETCBTC,0.00028277,11857.111445,0,51334.59905488,0.00028246,0.00028332,52195.76107117
2021-02-19T18:15:12,BITFINEX,tQTMUSD,7.2229,8868.64966024,0,2060.38865075,7.1894,7.2222,3185.00150163
2021-02-19T18:15:12,BITFINEX,tNEOUSD,48.005,90239.0908457,0,15226.23778721,47.964,48.03,22718.42652716
2021-02-19T18:15:12,BITFINEX,tNEOETH,0.023872,766.12978395,0,1800.46634594,0.024429,0.024585,2641.65876869
2021-02-19T18:15:12,BITFINEX,tETPETH,0.00011083,1059.85704971,0,7740.38592923,0.00011241,0.00014229,26196.85196032
2021-02-19T18:15:12,BITFINEX,tDATUSD,0.11474,1047484.41183134,0,95923.75078514,0.11399,0.11614,70132.92027042
2021-02-19T18:15:12,BITFINEX,tEOSETH,0.0026127,31471.89612987,0,32318.94163692,0.0026148,0.0026194,41391.71802514
2021-02-19T18:15:12,BITFINEX,tSNTUSD,0.1089,158268.66238577,0,74243.02424602,0.10644,0.10893,307095.79176785
2021-02-19T18:15:12,BITFINEX,tOMGBTC,0.00011983,47903.14411385,0,474.06956493,0.0001199,0.00012004,731.45245991
2021-02-19T18:15:13,BITFINEX,tIOTEUR,1.2235,703559.17466416,0,87388.27071336,1.2207,1.2229,213067.19171255
2021-02-19T18:15:13,BITFINEX,tBATUSD,0.61495,433971.43785479,0,111102.92236519,0.61444,0.61636,83077.37071577
2021-02-19T18:15:13,BITFINEX,tBATBTC,0.00001139,45800.4381598,0,163449.7468729,0.00001124,0.00001132,19305.84871955
2021-02-19T18:15:13,BITFINEX,tBATETH,0.00031103,1926.12512821,0,360328.92749737,0.0003127,0.00031549,9613.72705991
2021-02-19T18:15:14,BITFINEX,tMNAUSD,0.31932,271636.30509046,0,25994.44493121,0.31932,0.32088,275664.20475737
2021-02-19T18:15:14,BITFINEX,tMNABTC,0.00000588,21243.50606659,0,89512.25353678,0.0000058,0.0000059,76133.79063609
2021-02-19T18:15:14,BITFINEX,tFUNUSD,0.0342,307650.48022976,0,565399.651947,0.03441,0.036159,377948.53283452
2021-02-19T18:15:14,BITFINEX,tZRXUSD,1.5415,619888.37353464,0,125847.31818118,1.543,1.5456,287149.52725319
2021-02-19T18:15:15,BITFINEX,tZRXBTC,0.0000283,74234.38920946,0,60112.29352571,0.0000283,0.00002836,46957.7417804
2021-02-19T18:15:15,BITFINEX,tZRXETH,0.00078559,14132.9504556,0,39721.97911381,0.00078855,0.00079187,47464.49816702
2021-02-19T18:15:16,BITFINEX,tTRXUSD,0.060575,204301848.244279,0,4535677.6917493,0.060523,0.060586,8705384.61373121
2021-02-19T18:15:16,BITFINEX,tTRXBTC,0.00000111,13343601.6998814,0,6307153.74282589,0.0000011,0.00000111,3256488.66350385
2021-02-19T18:15:16,BITFINEX,tTRXETH,0.00003082,3264267.43193189,0,1621044.03660772,0.00003087,0.00003092,943202.3072928
2021-02-19T18:15:16,BITFINEX,tRCNUSD,0.1,6609.8685231,0,37303.01827851,0.094642,0.1,37061.50486848
2021-02-19T18:15:17,BITFINEX,tSNGUSD,0.015282,141995.871015,0,363441.87686971,0.014648,0.015316,796127.69943705
2021-02-19T18:15:17,BITFINEX,tREPUSD,33.963,261.71872784,0,772.14629493,34.035,34.454,365.68234862
2021-02-19T18:15:17,BITFINEX,tREPBTC,0.00063664,240.74432163,0,368.96285188,0.000625,0.00062963,364.23307653
2021-02-19T18:15:17,BITFINEX,tNECUSD,0.1378,55100.60730384,0,62467.21944554,0.13334,0.1463,36888.16652088
2021-02-19T18:15:19,BITFINEX,tNECETH,0.00009114,4899.07442595,0,838246.6885328,0.0000269,0.000091,20973.36623713
2021-02-19T18:15:19,BITFINEX,tBTCGBP,38955,387.06219667,0,9.90762818,38940,38947,92.90806161
2021-02-19T18:15:19,BITFINEX,tETHEUR,1616.1,8807.04312085,0,412.49197951,1616,1616.6,557.18804677
2021-02-19T18:15:20,BITFINEX,tETHJPY,206710,5818.90145513,0,385.70704751,206670,206770,521.09988906
2021-02-19T18:15:20,BITFINEX,tETHGBP,1397.5,5018.14052554,0,406.93076128,1397.4,1398,922.79642985
2021-02-19T18:15:20,BITFINEX,tNEOEUR,39.73318678,603.32694289,0,15144.96101136,39.578,39.627,27082.49410921
2021-02-19T18:15:20,BITFINEX,tNEOJPY,5097.5,95.792557,0,15226.23780562,5062.1,5069.3,20004.66246214
2021-02-19T18:15:21,BITFINEX,tNEOGBP,34.295,130.61412322,0,15526.68953127,34.224,34.272,23001.76182716
2021-02-19T18:15:21,BITFINEX,tEOSEUR,4.2308,530155.65964057,0,23574.02745266,4.2294,4.2307,35566.05733219
2021-02-19T18:15:21,BITFINEX,tEOSJPY,541.16000013,105839.61382181,0,24381.18829685,540.95,541.11,26796.83961815
2021-02-19T18:15:22,BITFINEX,tBTCJPY,5759100,271.40636763,0,8.09427604,5760900,5762100,80.90818667
2021-02-19T18:15:22,BITFINEX,tDSHBTC,0.0057468,10590.2850791,0,351.09236832,0.0057697,0.0057833,800.09454985
2021-02-19T18:15:22,BITFINEX,tBTCEUR,45030.90424452,703.00667316,0,8.76846618,45041,45051,81.43225213
2021-02-19T18:15:22,BITFINEX,tDSHUSD,314.8,58379.98165579,0,2361.66076074,314.84,315.67,2925.29498137
2021-02-19T18:15:22,BITFINEX,tZECBTC,0.0032764,9456.29280995,0,802.18521823,0.0032767,0.0032808,301.81815424
2021-02-19T18:15:22,BITFINEX,tZECUSD,178.66,27070.68203967,0,5062.11514191,178.85,179.03,2156.47544266
2021-02-19T18:15:22,BITFINEX,tETCUSD,15.475,94336.59285134,0,45964.47318852,15.43,15.474,37791.24953864
2021-02-19T18:15:22,BITFINEX,tETHUSD,1959.2,126323.95579063,0,399.69774471,1959,1959.2,573.43973035
2021-02-19T18:15:22,BITFINEX,tBTCUSD,54585,8715.95957892,0,7.865726,54585,54596,80.90818667
2021-02-19T18:15:22,BITFINEX,tETHBTC,0.035898,38445.8250432,0,164.6060328,0.035881,0.03591,232.01096659
2021-02-19T18:15:22,BITFINEX,tXRPUSD,0.55761,55394485.2835175,0,259950.83895486,0.5569,0.55748,222641.57645983
2021-02-19T18:15:22,BITFINEX,tETCBTC,0.00028277,11857.111445,0,39060.17178112,0.00028234,0.00028321,67016.40560062
2021-02-19T18:15:22,BITFINEX,tLTCBTC,0.0043549,8850.54967133,0,606.22726735,0.0043549,0.0043602,1320.22943007
2021-02-19T18:15:22,BITFINEX,tEOSBTC,0.00009398,492981.17152465,0,166306.74699441,0.00009382,0.00009395,171847.15010773
2021-02-19T18:15:22,BITFINEX,tEOSUSD,5.127217,5808663.49041058,0,24510.74501841,5.1255,5.1256,33587.22646907
2021-02-19T18:15:22,BITFINEX,tOMGETH,0.0033373,15544.84058493,0,18377.77488497,0.0033399,0.003349,15661.00764101
2021-02-19T18:15:22,BITFINEX,tIOTETH,0.000755,194778.52421271,0,169956.47077689,0.00075521,0.00075925,233760.11230356
2021-02-19T18:15:22,BITFINEX,tQTMUSD,7.2229,8868.64966024,0,2060.71134691,7.1926,7.2222,3346.99954253
2021-02-19T18:15:22,BITFINEX,tETPETH,0.00011083,1059.85704971,0,6731.11401002,0.00011121,0.00014229,26196.85196032
2021-02-19T18:15:22,BITFINEX,tNEOBTC,0.00087801,21224.52568218,0,11258.45952647,0.00087837,0.00088088,17661.61449285
2021-02-19T18:15:22,BITFINEX,tXMRBTC,0.0049561,10213.35695736,0,1526.38456832,0.0049574,0.004965,2324.21765348
2021-02-19T18:15:22,BITFINEX,tEOSGBP,3.6582,39319.96447665,0,23980.90821571,3.6573,3.6584,33569.81734622
2021-02-19T18:15:22,BITFINEX,tEOSETH,0.0026127,31471.89612987,0,32356.58586496,0.0026136,0.0026186,41395.28685303
2021-02-19T18:15:22,BITFINEX,tGNTETH,0.0002468,23819.76336948,0,65119.44458022,0.00017067,0.00029959,34712.66808563
2021-02-19T18:15:22,BITFINEX,tLTCUSD,237.85,103727.26000758,0,2140.91218852,237.8,238.09,608.34930599
2021-02-19T18:15:22,BITFINEX,tEDOETH,0.00089551,483.46063751,0,34287.31591659,0.00090105,0.0011296,10251.75410408
2021-02-19T18:15:22,BITFINEX,tOMGUSD,6.55,553799.38877255,0,10257.95707542,6.5449,6.55,124055.39089292
2021-02-19T18:15:22,BITFINEX,tZRXBTC,0.0000283,74234.38920946,0,69005.18447537,0.00002829,0.00002836,46966.99504051
2021-02-19T18:15:22,BITFINEX,tNEOETH,0.023872,766.12978395,0,1801.52125843,0.024428,0.024585,2641.65876869
2021-02-19T18:15:22,BITFINEX,tETHJPY,206710,5818.90145513,0,395.46955505,206750,206780,486.22725889
2021-02-19T18:15:22,BITFINEX,tBTCGBP,38955,387.06219667,0,10.48880929,38949,38957,82.61938349
2021-02-19T18:15:22,BITFINEX,tZRXUSD,1.5415,619888.37353464,0,136305.56759434,1.543,1.5453,285781.19903499
2021-02-19T18:15:22,BITFINEX,tEOSEUR,4.2308,530155.65964057,0,30689.36178687,4.2293,4.2294,36526.58467197
2021-02-19T18:15:22,BITFINEX,tFUNUSD,0.0342,307650.48022976,0,565399.651947,0.034415,0.036159,388340.36498074
2021-02-19T18:15:22,BITFINEX,tTRXUSD,0.060575,204301848.244279,0,4432069.77446884,0.060538,0.060594,7678339.72511671
2021-02-19T18:15:22,BITFINEX,tTRXETH,0.00003082,3264267.43193189,0,1414648.89149227,0.00003088,0.00003093,1094221.33401344
2021-02-19T18:15:22,BITFINEX,tNEOGBP,34.295,130.61412322,0,15089.96410883,34.208,34.25,24039.55875784
2021-02-19T18:15:22,BITFINEX,tNEOUSD,48.005,90239.0908457,0,14989.96372462,47.941,47.999,20089.6628325
2021-02-19T18:15:22,BITFINEX,tBATUSD,0.61495,433971.43785479,0,127854.44936607,0.61444,0.61645,84771.14192577
2021-02-19T18:15:22,BITFINEX,tETHEUR,1616.1,8807.04312085,0,428.95813865,1616.4,1616.7,639.41613684
2021-02-19T18:15:22,BITFINEX,tSNGUSD,0.015282,141995.871015,0,363441.29591452,0.014648,0.015333,796127.69943705
2021-02-19T18:15:22,BITFINEX,tXRPBTC,0.0000102,6545286.54218617,0,1911513.01012501,0.0000102,0.00001021,1678702.73007623
2021-02-19T18:15:22,BITFINEX,tETHGBP,1397.5,5018.14052554,0,447.52375983,1397.8,1398,787.53927203
2021-02-19T18:15:22,BITFINEX,tNEOEUR,39.73318678,603.32694289,0,15165.70655271,39.559,39.608,20089.6628325
2021-02-19T18:15:22,BITFINEX,tNEOJPY,5097.5,95.792557,0,14989.96372462,5059.7,5065.9,20089.6628325
2021-02-19T18:15:22,BITFINEX,tMNABTC,0.00000588,21243.50606659,0,89447.75806116,0.00000581,0.0000059,76133.79063609
2021-02-19T18:15:22,BITFINEX,tIOTUSD,1.4792,14022757.6556667,0,121262.54019125,1.4779,1.4792,210054.94361352
2021-02-19T18:15:22,BITFINEX,tBATETH,0.00031103,1926.12512821,0,364990.97471394,0.0003127,0.0003155,9613.72705991
2021-02-19T18:15:22,BITFINEX,tZRXETH,0.00078559,14132.9504556,0,39723.25102107,0.00078827,0.00079216,47708.83348628
2021-02-19T18:15:22,BITFINEX,tIOTEUR,1.2235,703559.17466416,0,129785.32602881,1.2195,1.2232,209239.54366466
2021-02-19T18:15:22,BITFINEX,tEOSGBP,3.6582,39319.96447665,0,37854.86335918,3.6573,3.6574,36761.19699569
2021-02-19T18:15:22,BITFINEX,tIOTJPY,156.1399997,104657.59375877,0,126484.46249377,155.98,156.45,210182.38431678
2021-02-19T18:15:22,BITFINEX,tEOSJPY,541.16000013,105839.61382181,0,30750.64493339,540.94,540.95,33587.24608553
2021-02-19T18:15:23,BITFINEX,tIOTGBP,1.0579,99440.42349915,0,130276.994184,1.0546,1.0577,218958.54366466
2021-02-19T18:15:23,BITFINEX,tIOSUSD,0.051,175690.91426516,0,174667.06667925,0.047,0.051238,46621.79756909
2021-02-19T18:15:23,BITFINEX,tREQUSD,0.10844,74418.25562067,0,45965.46984451,0.10842,0.10943,43517.58562994
2021-02-19T18:15:23,BITFINEX,tLRCUSD,0.74467,4972.47642508,0,17526.99942362,0.74965,0.75471,13749.33989421
2021-02-19T18:15:23,BITFINEX,tLRCBTC,0.00001369,7795.58165751,0,29786.53835354,0.00001374,0.00001379,3753.15963251
2021-02-19T18:15:24,BITFINEX,tWAXUSD,0.086018,360479.68070979,0,7676.94492175,0.085632,0.086018,55799.15250457
2021-02-19T18:15:24,BITFINEX,tDAIUSD,0.9991,1047028.82665132,0,163537.14512324,0.9992,1.0006,689696.92866321
2021-02-19T18:15:24,BITFINEX,tDAIBTC,0.00001828,19961.81464984,0,119699.83005148,0.00001829,0.00001838,8843.15803829
2021-02-19T18:15:25,BITFINEX,tDAIETH,0.00051,19176.06521764,0,33600.08898352,0.00050751,0.00051085,5828.41836203
2021-02-19T18:15:25,BITFINEX,tBFTUSD,0.03263,36726.30338606,0,161142.47037564,0.03263,0.034402,317620.53454449
2021-02-19T18:15:26,BITFINEX,tMTNUSD,0.00545,260429.98868309,0,4025977.79438952,0.00491,0.00545,253313.80727537
2021-02-19T18:15:26,BITFINEX,tODEUSD,0.027989,79860.17123342,0,131662.9287034,0.02498,0.028827,41071.88004351
2021-02-19T18:15:26,BITFINEX,tANTUSD,6.0425,3437.02751353,0,7354.28559703,6.0475,6.075,2580.27361944
2021-02-19T18:15:26,BITFINEX,tANTBTC,0.00011762,174.37598317,0,6868.91476002,0.00010996,0.00011182,3505.04644596
2021-02-19T18:15:26,BITFINEX,tANTETH,0.0031433,61.98629502,0,17040.54153438,0.0030546,0.0031427,2441.28584221
2021-02-19T18:15:27,BITFINEX,tSTJUSD,0.87559,1817.44908524,0,2283.51752841,0.85063,0.87559,31590.96790662
2021-02-19T18:15:27,BITFINEX,tXLMUSD,0.51301,4268411.69204097,0,240578.0380948,0.51255,0.5131,436291.08286066
2021-02-19T18:15:27,BITFINEX,tXLMBTC,0.00000939,453687.58095629,0,747737.60019011,0.00000939,0.00000941,680586.2305856
2021-02-19T18:15:28,BITFINEX,tXLMETH,0.00026129,70809.38979408,0,73035.68031855,0.00026087,0.00026129,27746.07709524
2021-02-19T18:15:29,BITFINEX,tXVGUSD,0.026513,984611.79074943,0,504294.40278609,0.02604,0.027341,294129.21814517
2021-02-19T18:15:29,BITFINEX,tMKRUSD,2574.4,70.07290361,0,6.03503326,2555.4,2562.1,30.37258297
2021-02-19T18:15:29,BITFINEX,tMKRBTC,0.04689,300.27519933,0,34.07479309,0.04679,0.046965,69.31979923
2021-02-19T18:15:29,BITFINEX,tMKRETH,1.3328,0.29044631,0,10666.5295335,1.2944,1.3095,74.9181425
2021-02-19T18:15:30,BITFINEX,tKNCUSD,2.2325,17415.44317838,0,4008.95883566,2.2232,2.2461,49137.12518014
2021-02-19T18:15:30,BITFINEX,tKNCBTC,0.00004061,6608.26716302,0,46811.42450976,0.00004096,0.00004115,2725.52339725
2021-02-19T18:15:30,BITFINEX,tPOAUSD,0.047489,53623.64993028,0,36607.74087212,0.032119,0.049991,38836.05322191
2021-02-19T18:15:31,BITFINEX,tLYMUSD,0.0124,305753.58108851,0,204747.45420249,0.0124,0.012962,2109623.61262467
2021-02-19T18:15:31,BITFINEX,tUTKUSD,0.48414,72557.24859921,0,5096.7739454,0.48414,0.4902,6044.30568927
2021-02-19T18:15:32,BITFINEX,tLTCUSD,238.17,103729.86000758,0,1648.66963382,237.96,238.16,687.31430589
2021-02-19T18:15:32,BITFINEX,tETCBTC,0.00028277,11857.111445,0,38949.92504605,0.00028245,0.00028321,52433.41472116
2021-02-19T18:15:32,BITFINEX,tLTCBTC,0.0043549,8850.54967133,0,646.77276655,0.0043565,0.0043627,1336.09141188
2021-02-19T18:15:32,BITFINEX,tETCUSD,15.475,94336.59285134,0,45874.40772329,15.43,15.471,53715.23131753
2021-02-19T18:15:32,BITFINEX,tDSHBTC,0.0057468,10590.2850791,0,351.30812828,0.0057716,0.0057832,1337.83128869
2021-02-19T18:15:32,BITFINEX,tBTCEUR,45030.90424452,703.00667316,0,9.62078645,45045,45050,80.83018334
2021-02-19T18:15:32,BITFINEX,tETHBTC,0.035898,38445.8250432,0,157.06692828,0.035885,0.035908,270.55151335
2021-02-19T18:15:32,BITFINEX,tXMRBTC,0.0049561,10213.35695736,0,1490.79702105,0.0049575,0.0049656,2474.16739695
2021-02-19T18:15:32,BITFINEX,tXMRUSD,270.41,18676.214554,0,3146.50597981,270.51,270.83,3892.12754725
2021-02-19T18:15:32,BITFINEX,tXRPUSD,0.55804,54433845.7119858,0,285899.25809579,0.55744,0.55816,195455.93643238
2021-02-19T18:15:32,BITFINEX,tBTCUSD,54590,8716.80647132,0,6.7215727,54590,54595,81.15006008
2021-02-19T18:15:32,BITFINEX,tXRPBTC,0.0000102,6545286.54218617,0,1925528.34889157,0.00001021,0.00001022,1663352.00909745
2021-02-19T18:15:32,BITFINEX,tDSHUSD,314.8,58379.98165579,0,2470.57718407,314.9,315.77,2768.41792411
2021-02-19T18:15:32,BITFINEX,tIOTETH,0.000755,194778.52421271,0,169955.84466557,0.0007551,0.00075913,230670.52391625
2021-02-19T18:15:32,BITFINEX,tOMGETH,0.0033373,15544.84058493,0,18377.89232291,0.0033391,0.0033482,15661.10931339
2021-02-19T18:15:32,BITFINEX,tEOSETH,0.0026127,31471.89612987,0,32508.88420666,0.0026134,0.0026177,41398.58022163
2021-02-19T18:15:32,BITFINEX,tIOTBTC,0.0000273,1985323.72624084,0,75304.56190812,0.00002717,0.00002725,149306.78367084
2021-02-19T18:15:32,BITFINEX,tETHUSD,1959.9,126323.95787274,0,424.60917469,1959.5,1960.1,520.35904972
2021-02-19T18:15:32,BITFINEX,tBTCJPY,5759100,271.40636763,0,8.89783692,5761400,5762000,80.82998334
2021-02-19T18:15:32,BITFINEX,tVEEUSD,0.00351,1411724.33372639,0,680793.85662341,0.00351,0.0037,901946.7307185
2021-02-19T18:15:32,BITFINEX,tNEOUSD,47.941,90339.0908457,0,15016.8359185,47.941,47.999,20152.70302979
2021-02-19T18:15:32,BITFINEX,tNEOBTC,0.00087801,21224.52568218,0,11191.42862371,0.00087832,0.00088074,17609.27872643
2021-02-19T18:15:32,BITFINEX,tETPETH,0.00011083,1059.85704971,0,8000.61109005,0.00011246,0.00014229,26196.85196032
2021-02-19T18:15:32,BITFINEX,tAVTUSD,0.43058,9204.86216747,0,9801.02565582,0.43114,0.48,32051.79750073
2021-02-19T18:15:32,BITFINEX,tIOTUSD,1.4792,14022757.6556667,0,99436.46361215,1.4779,1.4826,215957.56417841
2021-02-19T18:15:32,BITFINEX,tEDOETH,0.00089551,483.46063751,0,34287.33316049,0.00090104,0.0011296,10251.75410408
2021-02-19T18:15:32,BITFINEX,tQTMUSD,7.2229,8868.64966024,0,2061.71134691,7.1954,7.2222,3346.99954253
2021-02-19T18:15:32,BITFINEX,tOMGUSD,6.55,553799.38877255,0,10257.35551201,6.5431,6.55,124177.90882899
2021-02-19T18:15:32,BITFINEX,tGNTETH,0.0002468,23819.76336948,0,65118.48342672,0.00017069,0.00029959,34712.66808563
2021-02-19T18:15:32,BITFINEX,tZECBTC,0.0032806,9458.14280995,0,868.7129194,0.0032766,0.0032806,308.28504801
2021-02-19T18:15:32,BITFINEX,tBATUSD,0.61495,433971.43785479,0,127854.44936607,0.61444,0.61638,84018.84192577
2021-02-19T18:15:32,BITFINEX,tFUNUSD,0.0342,307650.48022976,0,565399.651947,0.034415,0.036158,377948.53283452
2021-02-19T18:15:32,BITFINEX,tTRXETH,0.00003082,3264267.43193189,0,1696398.73366651,0.0000309,0.00003097,1247038.31751714
2021-02-19T18:15:32,BITFINEX,tTRXUSD,0.060575,204301848.244279,0,8324542.7237659,0.060578,0.060644,9606482.28316189
2021-02-19T18:15:32,BITFINEX,tIOTEUR,1.2235,703559.17466416,0,102987.31699049,1.2195,1.2234,311877.88760774
2021-02-19T18:15:32,BITFINEX,tNECUSD,0.1378,55100.60730384,0,62467.21944554,0.13334,0.14629,36888.16652088
2021-02-19T18:15:32,BITFINEX,tETHJPY,206710,5818.90145513,0,424.67824503,206820,206870,585.17221301
2021-02-19T18:15:32,BITFINEX,tETHEUR,1616.1,8807.04312085,0,444.88895472,1617,1617.5,741.84074829
2021-02-19T18:15:32,BITFINEX,tNECETH,0.00009114,4899.07442595,0,838879.2128242,0.0000267,0.000091,20973.36623713
2021-02-19T18:15:32,BITFINEX,tZRXETH,0.00078559,14132.9504556,0,39723.21387543,0.00078814,0.00079198,47708.46781567
2021-02-19T18:15:32,BITFINEX,tZRXUSD,1.5415,619888.37353464,0,219191.21275305,1.5433,1.5453,286221.45775228
2021-02-19T18:15:32,BITFINEX,tETHGBP,1397.5,5018.14052554,0,576.18620199,1398.3,1398.7,959.24937145
2021-02-19T18:15:32,BITFINEX,tIOTJPY,156.1399997,104657.59375877,0,99538.27732252,155.98,156.48,215957.56417841
2021-02-19T18:15:32,BITFINEX,tIOTGBP,1.0579,99440.42349915,0,105173.15018189,1.0546,1.058,311877.81128874
2021-02-19T18:15:32,BITFINEX,tBTCGBP,38955,387.06219667,0,10.59554936,38948,38957,80.58602924
2021-02-19T18:15:32,BITFINEX,tMKRBTC,0.04689,300.27519933,0,34.03638412,0.046788,0.046969,69.26401685
2021-02-19T18:15:32,BITFINEX,tDAIBTC,0.00001828,19961.81464984,0,110698.43265885,0.00001828,0.00001838,8678.78320474
2021-02-19T18:15:32,BITFINEX,tANTETH,0.0031433,61.98629502,0,7046.00072508,0.0030547,0.0031427,2441.28584221
2021-02-19T18:15:32,BITFINEX,tDAIUSD,0.9991,1047028.82665132,0,163540.28241047,0.9992,1.002,879613.16620778
2021-02-19T18:15:32,BITFINEX,tXLMUSD,0.51301,4268411.69204097,0,171665.08557226,0.5125,0.51314,522843.80620343
2021-02-19T18:15:32,BITFINEX,tKNCBTC,0.00004061,6608.26716302,0,46563.60022713,0.00004096,0.00004113,4988.1967333
2021-02-19T18:15:32,BITFINEX,tXLMETH,0.00026129,70809.38979408,0,73511.93834555,0.00026089,0.00026102,16953.99876675
2021-02-19T18:15:32,BITFINEX,tSTJUSD,0.87559,1817.44908524,0,2268.29876842,0.85172,0.87559,31590.96790662
2021-02-19T18:15:32,BITFINEX,tORSUSD,0.01049,83179.98139768,0,903332.94377851,0.010265,0.010482,697176.24105063
2021-02-19T18:15:33,BITFINEX,tZCNUSD,0.73661,5084.283889,0,7066.63428659,0.653,0.76679,16250.5181112
2021-02-19T18:15:33,BITFINEX,tNCAUSD,0.0020522,355842.793672,0,1294394.352411,0.002,0.0026,2437721.96511471
2021-02-19T18:15:33,BITFINEX,tCNDUSD,0.0249,1072.721873,0,502644.64642339,0.01985,0.0249,366671.20017478
2021-02-19T18:15:33,BITFINEX,tCTXUSD,0.4,24,0,98975.15059213,0.325,0.43987,4049.853909
2021-02-19T18:15:33,BITFINEX,tESSUSD,0.0038251,11212116.0025106,0,2693906.42966152,0.0038251,0.0040549,2912962.08893077
2021-02-19T18:15:34,BITFINEX,tHOTUSD,0.014008,207080.86024249,0,1160322.00004599,0.014008,0.014344,86195.94159044
2021-02-19T18:15:34,BITFINEX,tDTAUSD,0.0018789,138469.95,0,1353232.34647798,0.00162,0.0019489,1287097.30903704
2021-02-19T18:15:34,BITFINEX,tIQXUSD,0.01054,5976387.99501869,0,2296366.55441486,0.00854,0.010731,671904.1838519
2021-02-19T18:15:35,BITFINEX,tWPRUSD,0.03,28176.372842,0,134757.08783463,0.024857,0.03,104573.76903802
2021-02-19T18:15:35,BITFINEX,tZILUSD,0.13734,1093467.10038546,0,114225.87429986,0.13573,0.1365,230079.19888072
2021-02-19T18:15:36,BITFINEX,tBNTUSD,5.5996,4861.9587853,0,1001.47227265,5.6396,5.8878,614.42297728
2021-02-19T18:15:36,BITFINEX,tXRAUSD,0.019597,1131667.3247847,0,1405215.29728795,0.019307,0.019491,150388.02052783
2021-02-19T18:15:36,BITFINEX,tMANUSD,0.0653,13617.64388443,0,87246.38717632,0.063289,0.09,30696.74349534
2021-02-19T18:15:36,BITFINEX,tDGXUSD,56.769,6.11433609,0,390.63084819,56.909,60,480.47786474
2021-02-19T18:15:37,BITFINEX,tVETUSD,0.053021,4741548.95643682,0,2077486.47256572,0.052999,0.053405,2307354.5912793
2021-02-19T18:15:37,BITFINEX,tVETBTC,0.00000098,910954.06871415,0,2918700.72225775,0.00000097,0.00000098,979330.7491645
2021-02-19T18:15:37,BITFINEX,tTKNUSD,0.35192,6650.36458496,0,3071.47470715,0.32467,0.38274,7938.54311564
2021-02-19T18:15:38,BITFINEX,tGOTUSD,0.046015,8050.0829416,0,60193.43841126,0.044044,0.052111,92386.2569643
2021-02-19T18:15:39,BITFINEX,tGOTEUR,0.038155,8366.94319387,0,53249.54952226,0.036343,0.043,81233.4742318
2021-02-19T18:15:39,BITFINEX,tXTZUSD,4.9869,1079847.70265486,0,18252.20112108,4.985,4.9869,13519.07692791
2021-02-19T18:15:39,BITFINEX,tXTZBTC,0.00009076,94138.78748372,0,69085.25812246,0.00009132,0.00009142,138833.54930467
2021-02-19T18:15:39,BITFINEX,tBOXUSD,0.002575,466073.23899586,0,1914486.74005844,0.002575,0.00297,732223.26339615
2021-02-19T18:15:40,BITFINEX,tTRXEUR,0.049808,9066119.13538758,0,8349891.84922435,0.049985,0.050024,12339042.2418412
2021-02-19T18:15:40,BITFINEX,tMGOUSD,0.021607,39601.66471663,0,85052.15468289,0.0188,0.021607,49895.14232791
2021-02-19T18:15:40,BITFINEX,tYGGUSD,0.00052,9004009.54475254,0,8609333.72309025,0.00051,0.00052,8205333.36499232
2021-02-19T18:15:40,BITFINEX,tMLNUSD,50.279,138.2796597,0,3204.62634157,50.279,51.997,2490.4691237
2021-02-19T18:15:41,BITFINEX,tWTCUSD,2.79,1956.99444711,0,2149.83579264,2.451,2.9977,4775.84044597
2021-02-19T18:15:41,BITFINEX,tOMNUSD,6.52,135.24036387,0,1526.73400551,6.5367,8,986.18879467
2021-02-19T18:15:42,BITFINEX,tETHUSD,1960.1,126339.91436097,0,381.60452309,1960.1,1960.6,631.68621723
2021-02-19T18:15:42,BITFINEX,tBTCUSD,54599,8731.39310061,0,12.44164119,54599,54600,63.72150801
2021-02-19T18:15:42,BITFINEX,tLTCBTC,0.0043549,8850.54967133,0,757.54144207,0.0043561,0.0043571,1106.13895908
2021-02-19T18:15:42,BITFINEX,tLTCUSD,238,103730.03227248,0,1669.33138619,238,238.14,661.15837831
2021-02-19T18:15:42,BITFINEX,tDSHBTC,0.0057468,10590.2850791,0,761.43422993,0.0057729,0.0057825,2473.56364031
2021-02-19T18:15:42,BITFINEX,tETCUSD,15.475,94336.59285134,0,45876.58731473,15.43,15.468,37906.66112381
2021-02-19T18:15:42,BITFINEX,tBTCEUR,45054,703.00758891,0,12.18691163,45053,45055,63.05194664
2021-02-19T18:15:42,BITFINEX,tBTCJPY,5759100,271.40636763,0,8.49798979,5762300,5762600,62.74278316
2021-02-19T18:15:42,BITFINEX,tZECBTC,0.0032806,9458.14280995,0,1224.24423829,0.0032776,0.0032821,733.94980413
2021-02-19T18:15:42,BITFINEX,tXMRBTC,0.0049561,10213.35695736,0,825.60861014,0.0049568,0.0049656,2695.32405102
2021-02-19T18:15:42,BITFINEX,tETHBTC,0.035898,38445.8250432,0,148.81713952,0.035883,0.035907,252.45023278
2021-02-19T18:15:42,BITFINEX,tZECUSD,178.66,27070.68203967,0,3606.41928127,178.95,179.13,3459.16484098
2021-02-19T18:15:42,BITFINEX,tETCBTC,0.00028299,11857.111445,0,38556.94164064,0.00028245,0.00028299,51942.28715829
2021-02-19T18:15:42,BITFINEX,tXRPUSD,0.55822,54433845.7119858,0,356924.60613733,0.55758,0.55822,189456.83880724
